2396 3587
556 491 622 542 94
786 469 1128 522 ALBERICI
1175 460 1529 511 Germ-121³

555 555 736 607 bellum
762 568 875 602 cum
907 547 1129 605 Caesare,
1162 558 1401 610 cognate,
1440 544 1495 594 &
1518 543 1793 598 adhaerente

559 623 713 687 Regis
727 618 1007 682 Hispaniae,
1042 614 1094 662 &
1119 612 1174 660 ad
1191 624 1337 661 terras
1364 609 1571 675 Hispani
1595 614 1793 677 patrias:

560 690 710 739 facilis
737 686 790 735 sit
813 684 952 732 isthic
975 678 1229 744 responsio.
1276 678 1329 727 ὃ(
1353 680 1485 743 quod
1511 677 1673 728 Caesar
1700 678 1799 744 ipse

562 753 745 805 Turcis
782 753 876 800 hoc
899 748 1078 798 bellum
1104 777 1122 805 ‚
1169 745 1302 812 quod
1332 747 1511 810 geritur
1536 762 1621 811 per
1643 762 1799 796 annos

563 822 654 871 hos
679 820 868 884 triginta
891 816 1152 866 continuos
1177 845 1194 872 ‚
1230 814 1442 862 moverit
1478 815 1662 878 primus
1696 832 1707 860 :
1744 813 1801 863 &

367 901 394 939 y
415 887 548 947 <nb-3·
568 887 699 954 quod
718 882 1013 951 jus-Caesaris
1026 880 1084 931 ad
1098 880 1299 944 Regem
1322 896 1426 930 non
1438 881 1630 944 attingit
1663 897 1675 930 z
1706 880 1730 916 Υ
1748 879 1804 929 &

365 939 472 1025 ἐφ’
484 937 552 975 ⁶⁶¹⁶
569 971 678 1021 quae
692 970 763 1004 res
776 952 954 1017 privata
965 949 1033 998 est
1048 980 1065 1006 ,
1099 947 1330 1012 cognatio
1342 946 1400 995 ad
1415 948 1664 1011 publicum
1680 959 1808 997 certe

395 999 427 1039 3·
570 1039 672 1072 non
689 1019 932 1085 pertingit.
1001 1016 1062 1064 Et
1084 1014 1204 1062 nihil
1226 1013 1365 1063 isthic
1387 1016 1514 1063 valet
1531 1014 1807 1063 nominatio

572 1085 773 1140 Caesaris
789 1088 839 1133 in
853 1081 1204 1133 adhaerentibus
1215 1080 1438 1145 Hispani.
1472 1098 1585 1130 nam
1603 1097 1692 1146 pro
1704 1097 1809 1131 cer-

571 1168 627 1205 to
639 1172 709 1206 res
720 1170 774 1203 ea
783 1153 898 1200 seria
911 1167 1012 1199 non
1024 1149 1091 1198 est
1103 1179 1121 1202 ,
1145 1147 1222 1196 sed
1234 1147 1444 1197 formula
1457 1148 1682 1213 quaedam
1698 1147 1811 1198 vul-

573 1224 694 1289 garis
719 1220 1007 1269 ceremoniae
1019 1248 1036 1269 ,
1067 1217 1121 1267 &
1136 1214 1496 1265 contestationis
1510 1215 1812 1265 benevolen-

574 1292 667 1339 t-iae.
715 1286 883 1351 Quid?
914 1298 967 1334 ut
992 1281 1141 1332 iidem
1168 1282 1269 1333 fere
1293 1298 1466 1332 omnes
1493 1284 1812 1333 nominentur

575 1357 800 1419 utrinque
826 1351 1125 1402 adhaerentes
1141 1381 1159 1408 ,
1193 1350 1249 1398 δί
1270 1365 1372 1398 non
1398 1349 1454 1399 fit
1476 1351 1582 1399 haec
1604 1350 1815 1400 formula

376 1440 403 1466 ι
429 1429 522 1473 Aug.
576 1421 887 1473 ceremoniae.
951 1417 1084 1485 zQ
1110 1418 1163 1466 in
1191 1416 1320 1466 bello
1348 1434 1448 1466 non
1480 1416 1815 1478 adhaeserunt,

376 1475 558 1527 “nst-390·
575 1492 627 1540 hi
651 1492 755 1555 jure
792 1502 884 1535 nec
909 1484 1104 1549 poffunt
1124 1484 1181 1532 in
1208 1484 1564 1535 adhaerentibus
1589 1485 1819 1535 nomina-

578 1559 636 1609 ri.
699 1555 763 1604 Et
789 1551 952 1603 Caesar
977 1550 1202 1616 Hispano
1224 1567 1326 1601 non
1351 1551 1546 1602 adhaesit
1573 1553 1627 1601 in
1655 1552 1817 1612 beno,

579 1622 711 1690 quod
741 1622 869 1671 inter
898 1619 1088 1684 Anglos
1110 1616 1299 1683 gestum
1329 1649 1347 1672 ‚
1381 1619 1436 1668 &
1461 1617 1705 1684 Hispanos
1729 1618 1815 1670 est.

581 1706 638 1741 ut
661 1691 731 1738 ita
750 1704 863 1738 cum
888 1685 1079 1735 Caesare
1106 1688 1214 1750 juta
1251 1687 1476 1737 amicitiae
1515 1687 1704 1753 semper
1724 1686 1821 1736 ser-

582 1770 690 1808 vata
714 1755 908 1807 fuerunt
920 1752 1208 1803 Elisabet-hae
1222 1753 1349 1804 bello
1362 1753 1576 1804 durante.
1618 1753 1820 1804 &idem

584 1838 719 1876 nunc
742 1819 903 1870 Caesar
918 1822 968 1870 in
983 1820 1344 1871 adhaerentibus
1368 1824 1652 1872 nominatus
1672 1822 1820 1870 etiam

586 1895 618 1941 a
629 1888 795 1940 nostro
807 1888 877 1937 est
888 1887 1043 1952 Rege.
1077 1886 1317 1937 Praeterea
1332 1889 1572 1938 nominati
1582 1889 1649 1938 illi
1662 1888 1826 1938 adhae·

588 1970 778 2014 rentes,
810 1957 891 2019 qui
907 1971 996 2004 nec
1010 1955 1422 2019 nominaruntipfi
1447 1955 1522 2015 se,¹
1555 1972 1646 2006 nec
1673 1967 1825 2005 ratam

590 2024 801 2075 habuere
813 2022 1203 2071 nominationem
1218 2021 1281 2070 de
1296 2022 1405 2086 ipfis
1418 2023 1597 2072 factam
1608 2039 1692 2088 per
1705 2038 1829 2072 con-

596 2089 864 2147 trahentes,
898 2102 950 2137 ut
966 2104 1070 2137 non
1097 2088 1375 2153 obligantur
1396 2089 1483 2154 ipfi
1498 2091 1709 2141 articulis
1729 2090 1830 2139 foe-

597 2157 722 2208 deris
737 2188 755 2215 ‚
787 2157 852 2205 ita
864 2154 949 2220 ipfi
972 2156 1047 2204 alii
1064 2171 1261 2220 quoque
1282 2173 1384 2206 non
1410 2157 1701 2223 obligantur.
1765 2156 1833 2206 Et

598 2222 796 2287 quidem
807 2221 866 2272 de
879 2223 1216 2272 ratihabitione
1229 2223 1291 2272 fic
1304 2224 1556 2287 respondet
1578 2224 1799 2291 Angelus
1813 2255 1833 2281 ,

601 2292 659 2342 &
672 2289 912 2339 certiffimi
931 2290 1050 2353 juris
1061 2288 1144 2338 est.
1203 2288 1379 2339 Minus
1392 2289 1461 2341 est
1476 2292 1630 2341 nihilo
1647 2324 1664 2350 ‚
1698 2290 1831 2357 quod

600 2357 663 2407 de
676 2358 812 2406 terris
825 2358 984 2422 patriis
998 2354 1207 2421 Hifpani
1219 2358 1436 2407 infertur.
1469 2375 1583 2408 nam
1611 2360 1726 2409 tales
1736 2370 1838 2407 ter-

604 2441 672 2475 rae
686 2440 786 2473 non
798 2423 933 2482 sunt,
966 2423 1028 2471 de
1050 2424 1226 2487 quibus
1240 2424 1420 2474 bellum
1437 2424 1616 2476 Caesari
1629 2426 1698 2475 est
1720 2440 1834 2477 cum

399 2529 430 2560 β
449 2516 492 2553 v
505 2514 553 2551 D.
606 2489 774 2541 Turca
789 2523 806 2548 ‚
841 2507 950 2554 quae
975 2507 1078 2540 non
1104 2490 1193 2540 nifi
1204 2506 1287 2554 per
1297 2492 1492 2557 longam
1505 2493 1636 2558 spem
1652 2502 1839 2557 queunt

409 2567 544 2605 made
609 2558 707 2608 dici
732 2557 828 2607 effe
855 2557 1077 2622 Hispani,
1143 2570 1166 2595 ²
1187 2557 1313 2607 Non
1345 2560 1573 2610 dicuntur
1600 2559 1842 2624 Hispani,

405 2626 599 2709 ff'sspissut'.
613 2642 722 2690 quae
736 2641 825 2675 nec
836 2625 1006 2673 suntin
1020 2624 1301 2690 poffeffione
1312 2625 1548 2692 Hispani,
1582 2643 1673 2676 nec
1688 2629 1738 2675 in
1753 2625 1843 2673 do-

402 2717 600 2764 .,·„s,„·„de
616 2693 787 2742 minio.
855 2692 1028 2741 bssona
1053 2694 1196 2757 patris
1209 2694 1292 2742 vix
1317 2693 1546 2744 dicuntur
1573 2692 1658 2741 filii
1683 2695 1845 2748 bona,

408 2769 473 2808 lib.
506 2765 552 2806 &-
618 2760 983 2824 &necproprie
1057 2759 1122 2808 Et
1149 2759 1331 2810 fimilia.
1400 2759 1552 2827 Qod
1568 2760 1764 2809 tandem
1786 2758 1848 2807 de

411 2818 551 2912 {⁰12st
565 2876 600 2901 2.
616 2828 801 2876 auXffiiS
812 2825 1042 2874 addebam
1059 2859 1075 2885 2
1105 2843 1214 2892 quae
1228 2827 1374 2877 habet
1387 2827 1633 2891 Hispanus
1650 2828 1699 2874 in
1714 2841 1850 2874 exer-

416 2918 576 2968 dejume-
617 2894 791 2945 citibus
816 2891 1045 2946 Caesaris,
1070 2892 1136 2944 fic
1162 2895 1379 2952 tollitur,
1412 2894 1576 2961 quod,
1609 2893 1628 2917 ⁶
1652 2894 1742 3007 qqll
1760 2907 1848 2938 au·

419 2986 457 3015 a·
1664 2974 1711 3009 >ti
1733 2969 1851 3007 ratur
