2396 3587
414 561 434 598 f
449 559 545 598 Alex
565 572 594 596 1.

413 612 496 657 cons.
513 622 572 658 90.

625 466 716 519 228
868 460 1636 515 ALBERICIGENT1L1S

616 562 827 598 errorem
852 546 982 612 poffe
1021 548 1047 595 ‘a
1076 545 1278 609 judice3
1313 543 1330 579 f
1349 543 1583 607 quoniam
1621 539 1855 591 sententia

615 615 746 664 nulla
774 615 945 679 corrigi
975 627 1055 662 aut
1079 613 1330 661 ‘emendari
1353 614 1379 658 a
1399 609 1561 672 judice
1590 622 1678 656 nec
1696 608 1854 657 statim

614 677 789 747 potest.'
849 674 1097 730 Sententia
1120 677 1398 734 definitiva,
1431 691 1542 740 quae
1555 673 1660 723 haec
1683 673 1751 722 est
1769 690 1856 738 pro

615 760 749 797 certo
788 764 797 795 :
847 763 940 811 qua
983 759 1137 794 toturn
1177 744 1438 808 negotium
1479 741 1546 790 est
1583 738 1855 790 definitum.

615 814 753 880 Qd
779 826 883 863 tum
917 812 948 860 fi
974 829 1076 860 non
1106 810 1158 858 fit
1183 812 1274 858 lata
1296 807 1600 858 solemniter?
1630 807 1861 855 solemni-

616 891 686 929 tas
716 896 819 928 non
844 892 998 928 mutat
1018 879 1077 931 de
1102 873 1315 926 effentia.
1382 872 1477 922 Sed
1505 889 1609 922 non
1644 873 1854 922 adhibita

615 946 760 1003 facit,
795 945 960 994 aestum
988 960 1090 993 non
1116 943 1290 993 valere.
1335 939 1398 988 Et
1424 938 1484 989 sic
1517 939 1603 988 ista
1627 933 1859 989 sententia

617 1012 687 1061 est
705 1012 836 1061 nulla
852 1013 997 1065 etiam
1013 1026 1070 1059 ex
1086 1011 1183 1058 hoc
1207 1008 1364 1072 capite
1377 1004 1562 1055 omiffae
1576 1004 1856 1055 solemnita-

617 1080 691 1128 tis.
729 1079 792 1127 Et
809 1095 902 1127 nec
921 1077 977 1124 ad
995 1078 1121 1141 prius
1147 1075 1465 1138 distinguatur
1481 1073 1600 1121 mihi
1619 1072 1681 1121 de
1696 1072 1860 1136 judice

619 1144 867 1195 ordinario
897 1145 950 1193 &
968 1144 1189 1207 delegato
1230 1158 1240 1189 ε
1275 1139 1402 1205 quasi
1427 1139 1551 1188 solus
1576 1138 1661 1187 iste
1687 1154 1861 1188 ernen-

616 1211 731 1260 dare
756 1224 964 1276 nequeat
997 1211 1268 1259 nullitatem
1299 1206 1548 1256 sententiae
1575 1206 1685 1255 suae.
1717 1205 1857 1255 Nam

616 1277 888 1327 ordinarius
918 1276 951 1326 (ι
978 1275 1131 1341 potest
1151 1277 1323 1323 iterum
1346 1273 1596 1337 judicare,
1630 1289 1732 1321 non
1749 1287 1863 1337 pro-

616 1357 778 1407 pterea
808 1344 967 1406 potest,
989 1341 1248 1392 emendare
1272 1339 1558 1390 sententiam
1589 1337 1721 1388 suam
1749 1339 1862 1388 nul-

620 1410 733 1458 lam.
799 1410 982 1460 Iudicet
1010 1410 1189 1459 iterum
1226 1408 1505 1473 (petimus)
1544 1406 1677 1455 idem
1693 1404 1858 1455 Iudex.

620 1475 721 1525 Sed
736 1476 865 1526 idem
879 1477 1038 1527 audiat
1061 1492 1182 1536 nos;
1208 1475 1440 1540 patiatur,
1472 1474 1517 1521 se
1532 1473 1700 1522 instrui
1726 1486 1741 1519 .·
1765 1485 1860 1522 tra-

621 1542 703 1592 dat
727 1546 870 1594 nobis
899 1545 1091 1609 copiam
1115 1541 1306 1592 testium
1331 1539 1703 1591 adversariorum
1728 1558 1751 1600 ς
1787 1540 1863 1588 vi-

596 1609 732 1660 .deat.
756 1612 1065 1676 ‘probationes
1090 1609 1290 1659 nostras.
1320 1607 1434 1657 gaut
1457 1607 1641 1656 dicetur
1671 1611 1863 1661 senten-

569 1695 576 1703 ·
624 1679 688 1726 tia
714 1678 806 1727 lata
833 1678 854 1742 (
868 1679 920 1728 &
949 1679 996 1726 id
1023 1678 1102 1727 hic
1128 1677 1336 1726 dicimus
1358 1674 1418 1723 de
1437 1675 1538 1739 jam
1566 1675 1689 1735 lata)
1728 1672 1863 1722 festi-

627 1757 797 1794 nanter
836 1761 845 1792 ε
879 1744 1096 1808 adeoque
1144 1742 1311 1808 (quod
1348 1741 1476 1791 aliud
1505 1753 1646 1807 caput
1671 1741 1864 1789 nullita-

561 1834 567 1840 ·
627 1812 716 1880 tis)
756 1811 899 1868 nulla.
958 1813 981 1846 11
1005 1810 1146 1860 ludex
1171 1809 1287 1861 debet
1319 1825 1411 1861 rem
1444 1807 1572 1875 plena
1604 1805 1865 1876 inquifitione

570 1882 579 1891 ‘
622 1877 846 1943 discutem
875 1891 1025 1942 partes
1039 1882 1295 1945 interrogare
1301 1878 1498 1943 saepius,
1528 1892 1636 1926 num
1662 1876 1764 1943 quid
1785 1892 1865 1926 no-

622 1948 672 1996 vi
696 1946 799 1997 addi
818 1945 1038 2007 defiderent
1054 1979 1070 2001 ‚
1100 1962 1197 2015 quae
1217 1963 1301 1996 non
1318 1944 1465 2010 solum
1486 1962 1571 1995 non
1592 1948 1700 2006 fecit
1722 1943 1863 1993 Iudex

625 2014 839 2077 (loquor
867 2015 1013 2064 verba
1038 2013 1282 2079 Cephali)
1305 2013 1391 2076 sed
1406 2029 1487 2062 nec
1522 2027 1699 2079 rogatus·
1727 2011 1866 2062 ‘voluit

626 2080 786 2134 modico
805 2094 990 2147 tempore
1015 2080 1274 2148 εκρεὲἶανε,
1314 2095 1366 2131 ut
1387 2081 1449 2130 de
1472 2079 1590 2130 actis
1615 2079 1866 2147 postremis

628 2148 778 2198 nostri
801 2152 1121 2213 procuratoris
1146 2159 1358 2214 apparet.
1419 2147 1593 2199 Forsan
1618 2162 1736 2196 vero
1763 2163 1867 2196 non

624 2227 757 2274 erat,
793 2231 878 2264 cur
892 2216 1075 2264 audiret
1090 2232 1205 2273 nos,
1238 2215 1317 2278 qui
1334 2212 1395 2263 de
1408 2213 1775 2279 sumptibuslitis
1792 2230 1865 2264 re·-

623 2280 837 2331 tinendis
853 2313 870 2336 ,
901 2282 960 2331 de
985 2282 1347 2330 contributione
1371 2297 1484 2330 cum
1511 2279 1770 2346 deperditis⁴
1792 2280 1865 2330 fa-

624 2347 797 2398 cienda
812 2380 828 2406 2
863 2348 922 2397 de
948 2349 1020 2397 his
1039 2348 1159 2397 ocio
1175 2348 1301 2398 cistis
1330 2363 1429 2396 non
1444 2348 1687 2398 tradendis
1703 2346 1829 2396 hosti
1846 2379 1865 2406 ‚

627 2414 689 2463 de
714 2416 813 2464 aliis
838 2415 1071 2464 habemus
1100 2414 1283 2464 fortiter
1307 2415 1482 2467 dicere.
1548 2413 1718 2480 Qid?
1754 2412 1863 2463 Ab·

619 2480 799 2529 strasta
811 2480 915 2530 haec
931 2481 1057 2530 bona
1072 2481 1160 2530 {int
1178 2481 1478 2530 Hollandico
1506 2493 1641 2531 tanta
1652 2481 1701 2531 vi
1715 2513 1732 2540 ‚
1759 2493 1863 2531 tan-

624 2548 686 2595 tis
711 2547 1004 2610 sumptibus,
1043 2550 1186 2597 tantis
1209 2548 1450 2597 laboribus
1476 2579 1493 2607 ‚
1529 2548 1581 2597 &
1606 2548 1774 2597 eadem
1803 2563 1860 2597 o-

626 2615 763 2662 mnia
777 2626 872 2665 tam
892 2615 1027 2662 nullo
1044 2616 1249 2680 negotio
1277 2615 1582 2665 restituentur
1595 2615 1752 2664 eidem
1766 2614 1861 2664 ho-

627 2677 717 2729 sti?
751 2679 881 2728 Petit
910 2680 1118 2746 Legatus
1136 2713 1153 2739 ,
1177 2681 1255 2744 jus*
1286 2681 1370 2730 fibi
1394 2681 1495 2731 fieri
1518 2694 1685 2731 contra
1706 2680 1862 2730 subdi-

627 2758 732 2795 tum
750 2747 872 2810 regis
893 2746 975 2794 sui.
1017 2746 1070 2795 H
1078 2764 1166 2796 ane
1179 2749 1510 2812 exceptionem
1523 2747 1734 2812 opponit
1745 2762 1860 2797 exe-

625 2813 815 2863 cutioni
840 2814 978 2876 hujus
1003 2814 1248 2863 sententiae
1275 2815 1426 2863 nihili.
1493 2813 1861 2864 Nihilisenten—

430 2887 448 2922 i
472 2886 601 2922 Dee-2·
623 2881 688 2933 tia
722 2896 733 2930 τ
778 2881 925 2946 iquae
961 2896 1054 2933 nec
1090 2882 1363 2932 executioni
1407 2881 1641 2934 mittenda
1688 2893 1859 2931 contra

422 2935 510 2983 Confi
530 2935 610 2975 102.

1699 2947 1855 3013 ipsum
