2396 3587
651 480 1582 550 'DEDICATORIA

519 623 647 687 quo
678 604 811 687 jure
840 600 1165 689 disceptari
1196 622 1513 689 pateretur.
1604 603 1739 670 Nec

511 704 759 788 privatae
775 702 891 767 111ae
904 702 1110 769 cauffae
1127 726 1337 770 omnes
1354 751 1375 783 ‚
1392 709 1493 771 vel
1519 707 1594 769 ad
1610 707 1733 790 pri-

512 826 684 873 vatos
696 808 888 872 modo
907 810 1276 894 pertinentes
1286 855 1308 887 ,
1345 811 1447 874 sed
1462 811 1736 897 quaedam

509 929 693 978 etiam
718 911 982 998 publicae
998 957 1021 991 2
1058 915 1137 979 de
1153 918 1289 1001 jure
1315 915 1499 992 belli,
1544 917 1621 981 de
1636 919 1733 1002 ju-

509 1039 925 1107 reregnorum
954 1040 1026 1081 ac
1053 1017 1355 1084 foederum
1381 1037 1565 1085 erant.
1640 1021 1736 1083 O-

514 1126 751 1190 mnium
767 1146 970 1191 autem
985 1146 1126 1190 cura
1139 1171 1159 1204 ‚
1187 1147 1257 1190 ac
1283 1126 1740 1210 solicitudopro

519 1229 821 1318 Hispanis
847 1230 969 1297 suis
997 1231 1320 1297 necessario
1357 1232 1742 1298 incumbebat

513 1337 573 1400 ei
595 1381 618 1414 ,
665 1338 774 1423 qui
799 1336 912 1400 ino
938 1355 1214 1422 tempore
1252 1337 1317 1400 in
1353 1336 1575 1424 Anglia
1613 1338 1750 1402 Ca-.

511 1439 664 1507 thol.
740 1442 936 1530 Regis
962 1440 1143 1506 vestri
1168 1442 1414 1506 nomine
1443 1442 1738 1529 Legatum

508 1546 742 1634 agebat.
785 1544 846 1609 Is
869 1562 1001 1611 tum
1027 1564 1154 1611 erat
1180 1546 1418 1634 gentilis
1441 1564 1609 1624 tuus,
1653 1547 1739 1611 11-

507 1650 879 1718 lustriffimus
914 1659 976 1723 &
1015 1649 1558 1717 Excellentiffimus
1583 1654 1730 1720 Don

514 1755 729 1822 Petrus
741 1758 821 1823 de
838 1757 1078 1822 Zunica
1092 1802 1114 1835 ‚
1158 1758 1251 1824 vir
1262 1757 1437 1844 supra
1454 1757 1734 1844 splendo-

514 1886 645 1928 rem
666 1864 955 1932 natalium
971 1908 993 1942 ,
1026 1886 1153 1951 quo
1167 1864 1540 1951 principibus
1552 1868 1739 1932 totius
1824 1876 1832 1883 ’

512 1969 831 2057 Hispaniae
872 1968 1119 2035 familiis
1157 1972 1347 2038 vestra
1389 1992 1738 2039 annumera-

513 2095 647 2151 tur,
691 2076 974 2142 maximis
1000 2075 1342 2162 quibusque
1366 2077 1430 2140 in
1457 2078 1727 2164 Republ.

515 2184 876 2250 muneribus
899 2181 1416 2249 exercitatissimus
1447 2228 1469 2260 ‚
1513 2186 1590 2248 ad
1615 2184 1737 2253 hoc

515 2290 739 2357 virtute
774 2336 797 2369 ,
840 2290 1163 2376 prudentia
1189 2334 1212 2367 ‚
1255 2287 1735 2377 magnificentia,

514 2415 702 2483 atque
753 2395 1125 2460 humanitate
1159 2395 1435 2480 inprimis
1478 2396 1735 2486 infigniS.

517 2501 617 2567 Ab
629 2523 705 2564 eo
720 2499 1055 2588 appellatus
1071 2499 1248 2565 frater
1259 2520 1427 2566 meus
1439 2500 1738 2568 humanis-

517 2605 663 2670 sime
691 2604 839 2683 fuit,
881 2628 949 2672 ut
972 2606 1246 2670 omnium
1271 2606 1507 2671 illarum
1521 2653 1542 2684 ‚
1586 2632 1734 2696 quas

517 2707 683 2789 dixi,
729 2710 1053 2776 caussarum
1074 2712 1534 2777 advocationem
1558 2716 1621 2777 in
1638 2714 1726 2779 se-

533 2814 594 2881 se
604 2859 626 2893 ,
668 2816 1008 2884 honorifico
1021 2818 1231 2883 salario
1244 2818 1571 2887 constituto
1581 2864 1603 2898 ,
1630 2841 1738 2907 pa-

1202 2925 1241 2964 *
1295 2947 1321 3005 3
1627 2941 1748 2991 tro-
