2396 3587
881 457 1636 528 EPISTOLA

637 575 805 646 Nam
831 578 1056 645 reliffls
1080 577 1498 664 compluribus
1524 580 1603 646 de
1620 581 1756 668 jure
1785 578 1871 644 ci-

636 687 752 755 vili
790 685 1241 752 commentariis
1267 727 1290 761 ,
1334 704 1477 750 cum
1523 706 1630 750 eos
1666 706 1878 751 omnes

635 790 941 881 supprimi
978 791 1080 860 vel
1116 790 1349 857 aboleri
1381 787 1631 878 jufliffet
1647 837 1669 871 ,
1709 791 1876 860 hunc

642 900 839 968 solum
866 900 1145 986 excepit,
1190 917 1412 983 quem,
1443 897 1616 983 quod
1648 899 1846 966 minus
1855 945 1881 980 ‚

645 1029 835 1097 quarn
850 1006 1047 1073 caeteri
1059 1050 1080 1082 ‚
1106 1000 1500 1088 imperfe&us
1511 1004 1767 1076 „minus
1759 1027 1880 1092 que

642 1111 967 1199 impolitus
1007 1104 1152 1176 esset
1183 1156 1203 1184 ‚
1224 1174 1228 1178 ,
1249 1111 1314 1174 in
1347 1107 1550 1173 lucem
1585 1110 1620 1174 a
1648 1128 1748 1172 me
1776 1103 1882 1174 edi

647 1215 865 1282 voluit.
915 1213 1216 1279 Continet
1241 1231 1446 1278 autem
1464 1211 1568 1277 hic
1593 1211 1747 1277 liber
1761 1212 1882 1278 dis-

645 1322 1021 1409 ceptationes
1057 1340 1266 1387 earum
1303 1318 1881 1409 controverfiarum‚

647 1449 801 1517 quas
839 1428 904 1490 in
941 1448 1132 1514 regno
1177 1424 1418 1512 Angliae
1454 1422 1729 1512 Hispani
1751 1424 1882 1490 alii-

649 1555 774 1621 que
827 1533 1075 1600 Cathol.
1115 1529 1353 1619 Majest.
1421 1529 1697 1610 subditi,
1741 1553 1883 1598 cum

645 1642 911 1707 externis
939 1648 1001 1706 ὃς
1025 1637 1153 1703 fere
1183 1636 1519 1702 Hollandis
1546 1640 1883 1728 agitavere,

650 1767 731 1811 ex
755 1769 833 1811 eo
857 1763 1138 1832 tempore
1157 1795 1182 1827 ‚
1223 1767 1352 1834 quo
1380 1742 1792 1810 Sereniffimus
1819 1751 1883 1811 &

656 1851 1129 1938 Sapientissimus
1145 1853 1293 1917 Rex
1310 1849 1580 1938 Jacobus
1601 1850 1650 1914 I.
1666 1849 1886 1917 floren·

647 1957 859 2023 tiflimi
883 1958 1043 2022 illius
1069 1957 1241 2046 regni
1266 1952 1686 2041 possessionem
1713 1980 1884 2024 acce-

647 2066 759 2149 pit.
821 2065 887 2130 N
896 2086 994 2128 am
1021 2085 1175 2150 pace
1201 2084 1344 2128 cum
1372 2061 1662 2149 Hispanis
1691 2063 1848 2131 fasta
1860 2126 1887 2160 ‚

645 2170 940 2258 initisque
964 2169 1297 2237 foederibus
1329 2214 1351 2249 ,
1397 2193 1538 2236 cum
1565 2166 1730 2260 quasi
1754 2195 1882 2238 me-

649 2278 789 2342 dius
804 2278 974 2365 interj
981 2280 1144 2343 eetus
1161 2322 1182 2353 ,
1206 2280 1362 2343 inter
1376 2280 1522 2344 duas
1532 2298 1738 2369 gentes
1754 2279 1881 2346 bel-

648 2383 713 2447 lo
737 2384 1081 2472 gravissimo
1100 2410 1171 2452 ac
1186 2409 1344 2473 pene
1375 2388 1746 2454 interneciuo
1762 2387 1882 2455 dis-

642 2486 902 2557 fiden'tes
928 2539 949 2570 ,
988 2495 1233 2580 utrique
1276 2514 1477 2561 tamen
1500 2498 1726 2563 amicus
1750 2541 1771 2573 ,
1816 2502 1878 2562 &

642 2589 975 2665 foederatus
992 2598 1168 2679 effer,
1213 2626 1337 2669 non
1349 2606 1589 2692 potuit,
1634 2604 1782 2692 quin
1797 2603 1877 2668 de

645 2706 1064 2771 controverfiis
1093 2730 1345 2797 quoque
1370 2734 1574 2778 earum
1594 2756 1614 2789 ‚
1662 2731 1878 2797 quere-

641 2810 837 2914 lisque
860 2860 883 2892 ,
930 2837 1077 2898 quas
1102 2819 1182 2882 ad
1207 2816 1331 2884 sese
1369 2817 1715 2889 detulissent
1736 2863 1758 2896 ‚
1800 2838 1875 2879 ae-

1746 2945 1877 3014 quo
