<?xml version="1.0" encoding="UTF-8"?>
<!DOCTYPE html PUBLIC "-//W3C//DTD XHTML 1.0 Transitional//EN"
    "http://www.w3.org/TR/xhtml1/DTD/xhtml1-transitional.dtd">
<html xmlns="http://www.w3.org/1999/xhtml" xml:lang="en" lang="en">
 <head>
  <title>
</title>
<meta http-equiv="Content-Type" content="text/html;charset=utf-8" />
  <meta name='ocr-system' content='tesseract 3.04.00' />
  <meta name='ocr-capabilities' content='ocr_page ocr_carea ocr_par ocr_line ocrx_word'/>
</head>
<body>
  <div class='ocr_page' id='page_1' title='image "./hispanicaeadvoca01gentuoft_0129.png"; bbox 0 0 2396 3587; ppageno 0'>
   <div class='ocr_carea' id='block_1_1' title="bbox 661 419 1757 490">
    <p class='ocr_par' dir='ltr' id='par_1_1' title="bbox 661 419 1757 490">
     <span class='ocr_line' id='line_1_1' title="bbox 661 419 1757 490; baseline 0.001 -17"><span class='ocrx_word' id='word_1_1' title='bbox 661 423 946 473; x_wconf 62' lang='lat' dir='ltr'>Hrsun.</span> <span class='ocrx_word' id='word_1_2' title='bbox 979 420 1344 473; x_wconf 62' lang='lat' dir='ltr'>Anvoctir.</span> <span class='ocrx_word' id='word_1_3' title='bbox 1377 419 1515 473; x_wconf 75' lang='lat' dir='ltr'>Lrn.</span> <span class='ocrx_word' id='word_1_4' title='bbox 1548 420 1590 473; x_wconf 90' lang='grc' dir='ltr'>Ι.</span> <span class='ocrx_word' id='word_1_5' title='bbox 1688 425 1757 490; x_wconf 83' lang='lat'>65</span> 
     </span>
    </p>
   </div>
   <div class='ocr_carea' id='block_1_2' title="bbox 517 501 1950 2500">
    <p class='ocr_par' dir='ltr' id='par_1_2' title="bbox 523 501 1946 570">
     <span class='ocr_line' id='line_1_2' title="bbox 523 501 1946 570; baseline 0 -14"><span class='ocrx_word' id='word_1_6' title='bbox 523 507 552 548; x_wconf 76' lang='lat' dir='ltr'>b</span> <span class='ocrx_word' id='word_1_7' title='bbox 563 504 796 557; x_wconf 58' lang='lat' dir='ltr'>Vindicta</span> <span class='ocrx_word' id='word_1_8' title='bbox 809 504 905 555; x_wconf 84' lang='lat' dir='ltr'>esse</span> <span class='ocrx_word' id='word_1_9' title='bbox 916 504 1059 555; x_wconf 89' lang='lat' dir='ltr'>debet</span> <span class='ocrx_word' id='word_1_10' title='bbox 1073 537 1090 563; x_wconf 87' lang='lat'>‚</span> <span class='ocrx_word' id='word_1_11' title='bbox 1124 507 1174 554; x_wconf 90' lang='lat' dir='ltr'>in</span> <span class='ocrx_word' id='word_1_12' title='bbox 1188 519 1288 569; x_wconf 91' lang='lat' dir='ltr'>quo</span> <span class='ocrx_word' id='word_1_13' title='bbox 1303 505 1356 555; x_wconf 89' lang='lat'>&amp;</span> <span class='ocrx_word' id='word_1_14' title='bbox 1367 515 1637 570; x_wconf 83' lang='lat' dir='ltr'>peccatum.</span> <span class='ocrx_word' id='word_1_15' title='bbox 1689 504 1755 555; x_wconf 89' lang='lat' dir='ltr'>Et</span> <span class='ocrx_word' id='word_1_16' title='bbox 1771 502 1797 539; x_wconf 64' lang='grc' dir='ltr'>ὅ</span> <span class='ocrx_word' id='word_1_17' title='bbox 1821 501 1946 544; x_wconf 52' lang='grc' dir='ltr'>Α’ῧὼ</span> 
     </span>
    </p>

    <p class='ocr_par' dir='ltr' id='par_1_3' title="bbox 524 550 1910 639">
     <span class='ocr_line' id='line_1_3' title="bbox 524 550 1910 639; baseline 0 -18"><span class='ocrx_word' id='word_1_18' title='bbox 524 573 743 638; x_wconf 87' lang='lat' dir='ltr'>peccavit</span> <span class='ocrx_word' id='word_1_19' title='bbox 767 570 1041 622; x_wconf 83' lang='lat' dir='ltr'>Hollandus</span> <span class='ocrx_word' id='word_1_20' title='bbox 1061 573 1119 621; x_wconf 86' lang='lat' dir='ltr'>in</span> <span class='ocrx_word' id='word_1_21' title='bbox 1143 571 1455 637; x_wconf 87' lang='lat' dir='ltr'>impediendo</span> <span class='ocrx_word' id='word_1_22' title='bbox 1478 569 1547 620; x_wconf 86' lang='lat' dir='ltr'>hic</span> <span class='ocrx_word' id='word_1_23' title='bbox 1566 570 1750 635; x_wconf 88' lang='lat' dir='ltr'>Hispa·</span> <span class='ocrx_word' id='word_1_24' title='bbox 1761 550 1910 639; x_wconf 47' lang='lat' dir='ltr'>fssf‘g*</span> 
     </span>
    </p>

    <p class='ocr_par' dir='ltr' id='par_1_4' title="bbox 524 635 1749 703">
     <span class='ocr_line' id='line_1_4' title="bbox 524 635 1749 703; baseline 0 -16"><span class='ocrx_word' id='word_1_25' title='bbox 524 654 632 688; x_wconf 75' lang='lat' dir='ltr'>n03.</span> <span class='ocrx_word' id='word_1_26' title='bbox 658 638 818 702; x_wconf 86' lang='lat' dir='ltr'>itaque</span> <span class='ocrx_word' id='word_1_27' title='bbox 831 639 1117 703; x_wconf 83' lang='lat' dir='ltr'>puniaturin</span> <span class='ocrx_word' id='word_1_28' title='bbox 1132 637 1435 702; x_wconf 85' lang='lat' dir='ltr'>expediendo</span> <span class='ocrx_word' id='word_1_29' title='bbox 1445 636 1546 685; x_wconf 86' lang='lat' dir='ltr'>hinc</span> <span class='ocrx_word' id='word_1_30' title='bbox 1568 635 1749 702; x_wconf 83' lang='lat' dir='ltr'>Hispa-</span> 
     </span>
    </p>

    <p class='ocr_par' dir='ltr' id='par_1_5' title="bbox 523 702 1948 769">
     <span class='ocr_line' id='line_1_5' title="bbox 523 702 1948 769; baseline 0 -15"><span class='ocrx_word' id='word_1_31' title='bbox 523 719 632 754; x_wconf 84' lang='lat' dir='ltr'>nos.</span> <span class='ocrx_word' id='word_1_32' title='bbox 696 702 716 725; x_wconf 69' lang='lat'>⁶</span> <span class='ocrx_word' id='word_1_33' title='bbox 738 703 1019 754; x_wconf 86' lang='lat' dir='ltr'>Puniendus</span> <span class='ocrx_word' id='word_1_34' title='bbox 1042 702 1097 753; x_wconf 86' lang='lat' dir='ltr'>fit</span> <span class='ocrx_word' id='word_1_35' title='bbox 1121 718 1208 769; x_wconf 85' lang='lat' dir='ltr'>per</span> <span class='ocrx_word' id='word_1_36' title='bbox 1231 705 1467 754; x_wconf 86' lang='lat' dir='ltr'>contraria</span> <span class='ocrx_word' id='word_1_37' title='bbox 1491 704 1703 755; x_wconf 87' lang='lat' dir='ltr'>remedia</span> <span class='ocrx_word' id='word_1_38' title='bbox 1726 734 1745 763; x_wconf 85' lang='grc'>,</span> <span class='ocrx_word' id='word_1_39' title='bbox 1760 703 1948 750; x_wconf 66' lang='lat' dir='ltr'>evomas</span> 
     </span>
    </p>

    <p class='ocr_par' dir='ltr' id='par_1_6' title="bbox 522 757 1950 836">
     <span class='ocr_line' id='line_1_6' title="bbox 522 757 1950 836; baseline 0.004 -18"><span class='ocrx_word' id='word_1_40' title='bbox 522 769 558 819; x_wconf 86' lang='lat' dir='ltr'><strong>fi</strong></span> <span class='ocrx_word' id='word_1_41' title='bbox 572 785 674 819; x_wconf 89' lang='lat' dir='ltr'>non</span> <span class='ocrx_word' id='word_1_42' title='bbox 689 769 845 836; x_wconf 85' lang='lat' dir='ltr'>potest</span> <span class='ocrx_word' id='word_1_43' title='bbox 856 771 1017 835; x_wconf 87' lang='lat' dir='ltr'>puniri</span> <span class='ocrx_word' id='word_1_44' title='bbox 1027 771 1077 820; x_wconf 88' lang='lat' dir='ltr'>in</span> <span class='ocrx_word' id='word_1_45' title='bbox 1092 786 1155 819; x_wconf 89' lang='lat' dir='ltr'>eo</span> <span class='ocrx_word' id='word_1_46' title='bbox 1167 801 1186 829; x_wconf 85' lang='lat'>‚</span> <span class='ocrx_word' id='word_1_47' title='bbox 1217 771 1270 820; x_wconf 87' lang='lat' dir='ltr'>in</span> <span class='ocrx_word' id='word_1_48' title='bbox 1279 785 1384 836; x_wconf 89' lang='lat' dir='ltr'>quo</span> <span class='ocrx_word' id='word_1_49' title='bbox 1396 770 1611 836; x_wconf 71' lang='lat' dir='ltr'>deliquit,</span> <span class='ocrx_word' id='word_1_50' title='bbox 1681 771 1751 822; x_wconf 87' lang='lat' dir='ltr'>Et</span> <span class='ocrx_word' id='word_1_51' title='bbox 1764 766 1835 804; x_wconf 67' lang='lat'>“⁸⁶</span> <span class='ocrx_word' id='word_1_52' title='bbox 1866 757 1950 792; x_wconf 80' lang='lat'>¹²⁶⁰</span> 
     </span>
    </p>

    <p class='ocr_par' dir='ltr' id='par_1_7' title="bbox 517 835 1754 906">
     <span class='ocr_line' id='line_1_7' title="bbox 517 835 1754 906; baseline 0.002 -22"><span class='ocrx_word' id='word_1_53' title='bbox 517 835 596 899; x_wconf 85' lang='lat' dir='ltr'>jus</span> <span class='ocrx_word' id='word_1_54' title='bbox 606 835 750 886; x_wconf 88' lang='lat' dir='ltr'>fuerit</span> <span class='ocrx_word' id='word_1_55' title='bbox 765 836 864 885; x_wconf 84' lang='lat' dir='ltr'>fine</span> <span class='ocrx_word' id='word_1_56' title='bbox 875 836 1210 901; x_wconf 81' lang='lat' dir='ltr'>indignatione</span> <span class='ocrx_word' id='word_1_57' title='bbox 1227 839 1332 900; x_wconf 86' lang='lat' dir='ltr'>ejus</span> <span class='ocrx_word' id='word_1_58' title='bbox 1350 837 1368 899; x_wconf 82' lang='lat' dir='ltr'>j</span> <span class='ocrx_word' id='word_1_59' title='bbox 1375 840 1476 888; x_wconf 86' lang='lat' dir='ltr'>usta</span> <span class='ocrx_word' id='word_1_60' title='bbox 1491 867 1510 896; x_wconf 87' lang='lat'>‚</span> <span class='ocrx_word' id='word_1_61' title='bbox 1526 835 1560 885; x_wconf 78' lang='lat' dir='ltr'>si</span> <span class='ocrx_word' id='word_1_62' title='bbox 1571 836 1653 886; x_wconf 87' lang='lat' dir='ltr'>hic</span> <span class='ocrx_word' id='word_1_63' title='bbox 1665 853 1754 906; x_wconf 88' lang='lat' dir='ltr'>pa-</span> 
     </span>
    </p>

    <p class='ocr_par' dir='ltr' id='par_1_8' title="bbox 521 902 1752 970">
     <span class='ocr_line' id='line_1_8' title="bbox 521 902 1752 970; baseline 0.002 -19"><span class='ocrx_word' id='word_1_64' title='bbox 521 903 637 954; x_wconf 88' lang='lat' dir='ltr'>titur</span> <span class='ocrx_word' id='word_1_65' title='bbox 652 937 670 962; x_wconf 88' lang='lat'>‚</span> <span class='ocrx_word' id='word_1_66' title='bbox 706 902 839 968; x_wconf 88' lang='lat' dir='ltr'>quod</span> <span class='ocrx_word' id='word_1_67' title='bbox 852 918 953 952; x_wconf 87' lang='lat' dir='ltr'>non</span> <span class='ocrx_word' id='word_1_68' title='bbox 967 903 1070 952; x_wconf 88' lang='lat' dir='ltr'>vult</span> <span class='ocrx_word' id='word_1_69' title='bbox 1083 936 1093 953; x_wconf 88' lang='lat'><em>.</em></span> <span class='ocrx_word' id='word_1_70' title='bbox 1126 904 1212 968; x_wconf 87' lang='lat' dir='ltr'>qui</span> <span class='ocrx_word' id='word_1_71' title='bbox 1235 903 1348 952; x_wconf 85' lang='lat' dir='ltr'>facit</span> <span class='ocrx_word' id='word_1_72' title='bbox 1360 904 1441 954; x_wconf 91' lang='lat' dir='ltr'>hic</span> <span class='ocrx_word' id='word_1_73' title='bbox 1455 934 1473 962; x_wconf 87' lang='lat'><strong>,</strong></span> <span class='ocrx_word' id='word_1_74' title='bbox 1503 902 1635 970; x_wconf 90' lang='lat' dir='ltr'>quod</span> <span class='ocrx_word' id='word_1_75' title='bbox 1647 918 1752 954; x_wconf 84' lang='lat' dir='ltr'>non</span> 
     </span>
    </p>

    <p class='ocr_par' dir='ltr' id='par_1_9' title="bbox 519 967 1753 1037">
     <span class='ocr_line' id='line_1_9' title="bbox 519 967 1753 1037; baseline 0.001 -19"><span class='ocrx_word' id='word_1_76' title='bbox 519 968 678 1018; x_wconf 88' lang='lat' dir='ltr'>debet.</span> <span class='ocrx_word' id='word_1_77' title='bbox 744 967 894 1037; x_wconf 86' lang='lat' dir='ltr'>Qod</span> <span class='ocrx_word' id='word_1_78' title='bbox 907 980 1067 1019; x_wconf 89' lang='lat' dir='ltr'>autem</span> <span class='ocrx_word' id='word_1_79' title='bbox 1092 970 1371 1035; x_wconf 85' lang='lat' dir='ltr'>exemplum</span> <span class='ocrx_word' id='word_1_80' title='bbox 1396 969 1585 1036; x_wconf 84' lang='lat' dir='ltr'>allegari</span> <span class='ocrx_word' id='word_1_81' title='bbox 1606 970 1753 1021; x_wconf 88' lang='lat' dir='ltr'>audio</span> 
     </span>
    </p>

    <p class='ocr_par' dir='ltr' id='par_1_10' title="bbox 522 1032 1755 1101">
     <span class='ocr_line' id='line_1_10' title="bbox 522 1032 1755 1101; baseline 0 -15"><span class='ocrx_word' id='word_1_82' title='bbox 522 1033 683 1100; x_wconf 86' lang='lat' dir='ltr'>Regis</span> <span class='ocrx_word' id='word_1_83' title='bbox 709 1032 884 1085; x_wconf 85' lang='lat' dir='ltr'>Galliae</span> <span class='ocrx_word' id='word_1_84' title='bbox 910 1051 920 1083; x_wconf 92' lang='lat'>:</span> <span class='ocrx_word' id='word_1_85' title='bbox 952 1038 1038 1100; x_wconf 90' lang='lat' dir='ltr'>qui</span> <span class='ocrx_word' id='word_1_86' title='bbox 1060 1036 1110 1084; x_wconf 88' lang='lat' dir='ltr'>in</span> <span class='ocrx_word' id='word_1_87' title='bbox 1134 1034 1423 1101; x_wconf 84' lang='lat' dir='ltr'>Hispaniam</span> <span class='ocrx_word' id='word_1_88' title='bbox 1446 1034 1626 1087; x_wconf 76' lang='lat' dir='ltr'>remisit</span> <span class='ocrx_word' id='word_1_89' title='bbox 1646 1035 1755 1086; x_wconf 82' lang='lat' dir='ltr'>Hi-</span> 
     </span>
    </p>

    <p class='ocr_par' dir='ltr' id='par_1_11' title="bbox 521 1100 1756 1168">
     <span class='ocr_line' id='line_1_11' title="bbox 521 1100 1756 1168; baseline 0.001 -16"><span class='ocrx_word' id='word_1_90' title='bbox 521 1100 692 1168; x_wconf 87' lang='lat' dir='ltr'>spanos</span> <span class='ocrx_word' id='word_1_91' title='bbox 707 1116 798 1151; x_wconf 89' lang='lat' dir='ltr'>nec</span> <span class='ocrx_word' id='word_1_92' title='bbox 808 1102 873 1152; x_wconf 81' lang='lat' dir='ltr'>ita</span> <span class='ocrx_word' id='word_1_93' title='bbox 886 1101 1071 1152; x_wconf 89' lang='lat' dir='ltr'>dudum</span> <span class='ocrx_word' id='word_1_94' title='bbox 1084 1117 1101 1151; x_wconf 91' lang='grc'>.·</span> <span class='ocrx_word' id='word_1_95' title='bbox 1123 1118 1225 1152; x_wconf 90' lang='lat' dir='ltr'>non</span> <span class='ocrx_word' id='word_1_96' title='bbox 1238 1102 1365 1152; x_wconf 87' lang='lat' dir='ltr'>mifit</span> <span class='ocrx_word' id='word_1_97' title='bbox 1375 1104 1428 1153; x_wconf 89' lang='lat' dir='ltr'>in</span> <span class='ocrx_word' id='word_1_98' title='bbox 1441 1101 1756 1160; x_wconf 78' lang='lat' dir='ltr'>Hiberniam,</span> 
     </span>
    </p>

    <p class='ocr_par' dir='ltr' id='par_1_12' title="bbox 523 1167 1750 1236">
     <span class='ocr_line' id='line_1_12' title="bbox 523 1167 1750 1236; baseline 0.003 -20"><span class='ocrx_word' id='word_1_99' title='bbox 523 1183 625 1234; x_wconf 90' lang='lat' dir='ltr'>quo</span> <span class='ocrx_word' id='word_1_100' title='bbox 648 1181 818 1218; x_wconf 85' lang='lat' dir='ltr'>contra</span> <span class='ocrx_word' id='word_1_101' title='bbox 858 1167 1053 1233; x_wconf 85' lang='lat' dir='ltr'>Anglos</span> <span class='ocrx_word' id='word_1_102' title='bbox 1088 1181 1195 1219; x_wconf 86' lang='lat' dir='ltr'>tum</span> <span class='ocrx_word' id='word_1_103' title='bbox 1221 1168 1381 1219; x_wconf 85' lang='lat' dir='ltr'>hostes</span> <span class='ocrx_word' id='word_1_104' title='bbox 1415 1171 1710 1236; x_wconf 83' lang='lat' dir='ltr'>navigabant</span> <span class='ocrx_word' id='word_1_105' title='bbox 1732 1184 1750 1219; x_wconf 75' lang='lat' dir='ltr'>t</span> 
     </span>
    </p>

    <p class='ocr_par' dir='ltr' id='par_1_13' title="bbox 522 1233 1754 1301">
     <span class='ocr_line' id='line_1_13' title="bbox 522 1233 1754 1301; baseline 0 -15"><span class='ocrx_word' id='word_1_106' title='bbox 522 1233 688 1286; x_wconf 87' lang='lat' dir='ltr'>nescio</span> <span class='ocrx_word' id='word_1_107' title='bbox 701 1249 794 1300; x_wconf 83' lang='lat' dir='ltr'>ego</span> <span class='ocrx_word' id='word_1_108' title='bbox 804 1266 822 1294; x_wconf 83' lang='lat'>‚</span> <span class='ocrx_word' id='word_1_109' title='bbox 836 1235 975 1299; x_wconf 82' lang='lat' dir='ltr'>quale</span> <span class='ocrx_word' id='word_1_110' title='bbox 989 1235 1084 1285; x_wconf 89' lang='lat' dir='ltr'>hoc</span> <span class='ocrx_word' id='word_1_111' title='bbox 1096 1235 1449 1301; x_wconf 86' lang='lat' dir='ltr'>fitexemplum.</span> <span class='ocrx_word' id='word_1_112' title='bbox 1479 1234 1574 1286; x_wconf 87' lang='lat' dir='ltr'>Sed</span> <span class='ocrx_word' id='word_1_113' title='bbox 1588 1236 1621 1285; x_wconf 85' lang='lat' dir='ltr'>fi</span> <span class='ocrx_word' id='word_1_114' title='bbox 1637 1234 1754 1286; x_wconf 89' lang='lat' dir='ltr'>nul-</span> 
     </span>
    </p>

    <p class='ocr_par' dir='ltr' id='par_1_14' title="bbox 522 1300 1754 1368">
     <span class='ocr_line' id='line_1_14' title="bbox 522 1300 1754 1368; baseline 0.001 -17"><span class='ocrx_word' id='word_1_115' title='bbox 522 1301 627 1351; x_wconf 89' lang='lat' dir='ltr'>lum</span> <span class='ocrx_word' id='word_1_116' title='bbox 643 1300 828 1350; x_wconf 87' lang='lat' dir='ltr'>crimen</span> <span class='ocrx_word' id='word_1_117' title='bbox 844 1302 937 1351; x_wconf 87' lang='lat' dir='ltr'>fuit</span> <span class='ocrx_word' id='word_1_118' title='bbox 954 1301 1296 1368; x_wconf 65' lang='lat' dir='ltr'>Anglorum‘in</span> <span class='ocrx_word' id='word_1_119' title='bbox 1309 1304 1601 1354; x_wconf 81' lang='lat' dir='ltr'>territorium</span> <span class='ocrx_word' id='word_1_120' title='bbox 1625 1302 1754 1354; x_wconf 84' lang='lat' dir='ltr'>Gal-</span> 
     </span>
    </p>

    <p class='ocr_par' dir='ltr' id='par_1_15' title="bbox 523 1367 1754 1433">
     <span class='ocr_line' id='line_1_15' title="bbox 523 1367 1754 1433; baseline 0.002 -15"><span class='ocrx_word' id='word_1_121' title='bbox 523 1368 604 1418; x_wconf 82' lang='lat' dir='ltr'>liae</span> <span class='ocrx_word' id='word_1_122' title='bbox 636 1381 653 1415; x_wconf 86' lang='lat'>:</span> <span class='ocrx_word' id='word_1_123' title='bbox 684 1379 791 1416; x_wconf 89' lang='lat' dir='ltr'>tum</span> <span class='ocrx_word' id='word_1_124' title='bbox 814 1369 1090 1433; x_wconf 85' lang='lat' dir='ltr'>exemplum</span> <span class='ocrx_word' id='word_1_125' title='bbox 1112 1367 1167 1419; x_wconf 81' lang='lat' dir='ltr'>sit</span> <span class='ocrx_word' id='word_1_126' title='bbox 1190 1368 1442 1429; x_wconf 75' lang='lat' dir='ltr'>dissimile,</span> <span class='ocrx_word' id='word_1_127' title='bbox 1473 1386 1565 1420; x_wconf 91' lang='lat' dir='ltr'>nec</span> <span class='ocrx_word' id='word_1_128' title='bbox 1587 1368 1754 1420; x_wconf 74' lang='lat' dir='ltr'>similis</span> 
     </span>
    </p>

    <p class='ocr_par' dir='ltr' id='par_1_16' title="bbox 525 1433 1755 1501">
     <span class='ocr_line' id='line_1_16' title="bbox 525 1433 1755 1501; baseline 0.002 -17"><span class='ocrx_word' id='word_1_129' title='bbox 525 1434 625 1484; x_wconf 88' lang='lat' dir='ltr'>ullo</span> <span class='ocrx_word' id='word_1_130' title='bbox 639 1433 790 1483; x_wconf 88' lang='lat' dir='ltr'>modo</span> <span class='ocrx_word' id='word_1_131' title='bbox 802 1436 997 1485; x_wconf 84' lang='lat' dir='ltr'>rationis</span> <span class='ocrx_word' id='word_1_132' title='bbox 1008 1451 1121 1485; x_wconf 90' lang='lat' dir='ltr'>cum</span> <span class='ocrx_word' id='word_1_133' title='bbox 1136 1450 1234 1501; x_wconf 85' lang='lat' dir='ltr'>prae</span> <span class='ocrx_word' id='word_1_134' title='bbox 1241 1435 1360 1485; x_wconf 88' lang='lat' dir='ltr'>senti</span> <span class='ocrx_word' id='word_1_135' title='bbox 1370 1435 1755 1487; x_wconf 81' lang='lat' dir='ltr'>Hollandorum.</span> 
     </span>
    </p>

    <p class='ocr_par' dir='ltr' id='par_1_17' title="bbox 522 1498 1754 1569">
     <span class='ocr_line' id='line_1_17' title="bbox 522 1498 1754 1569; baseline 0.003 -19"><span class='ocrx_word' id='word_1_136' title='bbox 522 1498 852 1565; x_wconf 70' lang='lat' dir='ltr'>Sed&amp;spe6ta</span> <span class='ocrx_word' id='word_1_137' title='bbox 863 1498 922 1550; x_wconf 91' lang='lat' dir='ltr'>ad</span> <span class='ocrx_word' id='word_1_138' title='bbox 934 1515 1095 1552; x_wconf 80' lang='lat' dir='ltr'>terras,</span> <span class='ocrx_word' id='word_1_139' title='bbox 1157 1502 1266 1552; x_wconf 87' lang='lat' dir='ltr'>Fuit</span> <span class='ocrx_word' id='word_1_140' title='bbox 1278 1501 1504 1569; x_wconf 86' lang='lat' dir='ltr'>Hispanis</span> <span class='ocrx_word' id='word_1_141' title='bbox 1525 1503 1754 1554; x_wconf 80' lang='lat' dir='ltr'>aditerin</span> 
     </span>
    </p>

    <p class='ocr_par' dir='ltr' id='par_1_18' title="bbox 523 1565 1754 1630">
     <span class='ocr_line' id='line_1_18' title="bbox 523 1565 1754 1630; baseline 0.003 -14"><span class='ocrx_word' id='word_1_142' title='bbox 523 1565 819 1616; x_wconf 79' lang='lat' dir='ltr'>Hiberniam</span> <span class='ocrx_word' id='word_1_143' title='bbox 831 1566 1095 1617; x_wconf 87' lang='lat' dir='ltr'>commode</span> <span class='ocrx_word' id='word_1_144' title='bbox 1117 1567 1299 1618; x_wconf 57' lang='lat' dir='ltr'>fastum</span> <span class='ocrx_word' id='word_1_145' title='bbox 1312 1599 1331 1630; x_wconf 82' lang='lat'>,</span> <span class='ocrx_word' id='word_1_146' title='bbox 1364 1580 1417 1619; x_wconf 88' lang='lat' dir='ltr'>ut</span> <span class='ocrx_word' id='word_1_147' title='bbox 1436 1584 1497 1621; x_wconf 84' lang='lat' dir='ltr'>ex</span> <span class='ocrx_word' id='word_1_148' title='bbox 1518 1567 1678 1619; x_wconf 81' lang='lat' dir='ltr'>Gallia</span> <span class='ocrx_word' id='word_1_149' title='bbox 1698 1570 1754 1620; x_wconf 83' lang='lat' dir='ltr'>in</span> 
     </span>
    </p>

    <p class='ocr_par' dir='ltr' id='par_1_19' title="bbox 525 1631 1756 1698">
     <span class='ocr_line' id='line_1_19' title="bbox 525 1631 1756 1698; baseline 0.004 -15"><span class='ocrx_word' id='word_1_150' title='bbox 525 1631 813 1698; x_wconf 79' lang='lat' dir='ltr'>Hispaniam</span> <span class='ocrx_word' id='word_1_151' title='bbox 852 1635 1223 1688; x_wconf 81' lang='lat' dir='ltr'>remitterentur.</span> <span class='ocrx_word' id='word_1_152' title='bbox 1277 1651 1392 1686; x_wconf 87' lang='lat' dir='ltr'>nam</span> <span class='ocrx_word' id='word_1_153' title='bbox 1418 1636 1511 1688; x_wconf 83' lang='lat' dir='ltr'>iter</span> <span class='ocrx_word' id='word_1_154' title='bbox 1529 1635 1649 1688; x_wconf 84' lang='lat' dir='ltr'>illud</span> <span class='ocrx_word' id='word_1_155' title='bbox 1674 1651 1756 1688; x_wconf 85' lang='lat' dir='ltr'>re-</span> 
     </span>
    </p>

    <p class='ocr_par' dir='ltr' id='par_1_20' title="bbox 525 1697 1754 1770">
     <span class='ocr_line' id='line_1_20' title="bbox 525 1697 1754 1770; baseline 0.004 -22"><span class='ocrx_word' id='word_1_156' title='bbox 525 1697 664 1749; x_wconf 68' lang='lat' dir='ltr'>stum</span> <span class='ocrx_word' id='word_1_157' title='bbox 689 1698 744 1749; x_wconf 84' lang='lat' dir='ltr'>fit</span> <span class='ocrx_word' id='word_1_158' title='bbox 768 1700 820 1749; x_wconf 90' lang='lat' dir='ltr'>in</span> <span class='ocrx_word' id='word_1_159' title='bbox 844 1700 1139 1751; x_wconf 86' lang='lat' dir='ltr'>Hiberniam</span> <span class='ocrx_word' id='word_1_160' title='bbox 1162 1718 1222 1754; x_wconf 83' lang='lat' dir='ltr'>ex</span> <span class='ocrx_word' id='word_1_161' title='bbox 1246 1700 1500 1770; x_wconf 86' lang='lat' dir='ltr'>Hispania.</span> <span class='ocrx_word' id='word_1_162' title='bbox 1541 1703 1613 1754; x_wconf 88' lang='lat' dir='ltr'>At</span> <span class='ocrx_word' id='word_1_163' title='bbox 1632 1703 1754 1754; x_wconf 83' lang='lat' dir='ltr'>hinc</span> 
     </span>
    </p>

    <p class='ocr_par' dir='ltr' id='par_1_21' title="bbox 525 1765 1752 1836">
     <span class='ocr_line' id='line_1_21' title="bbox 525 1765 1752 1836; baseline 0.003 -20"><span class='ocrx_word' id='word_1_164' title='bbox 525 1767 706 1817; x_wconf 85' lang='lat' dir='ltr'>remitti</span> <span class='ocrx_word' id='word_1_165' title='bbox 717 1766 807 1816; x_wconf 85' lang='lat' dir='ltr'>hos</span> <span class='ocrx_word' id='word_1_166' title='bbox 819 1766 869 1815; x_wconf 88' lang='lat' dir='ltr'>in</span> <span class='ocrx_word' id='word_1_167' title='bbox 882 1765 1165 1833; x_wconf 84' lang='lat' dir='ltr'>Hispaniam</span> <span class='ocrx_word' id='word_1_168' title='bbox 1179 1800 1197 1828; x_wconf 85' lang='lat'>‚</span> <span class='ocrx_word' id='word_1_169' title='bbox 1228 1771 1311 1836; x_wconf 88' lang='lat' dir='ltr'>qui</span> <span class='ocrx_word' id='word_1_170' title='bbox 1324 1767 1752 1835; x_wconf 84' lang='lat' dir='ltr'>proficiscunturin</span> 
     </span>
    </p>

    <p class='ocr_par' dir='ltr' id='par_1_22' title="bbox 525 1830 1754 1902">
     <span class='ocr_line' id='line_1_22' title="bbox 525 1830 1754 1902; baseline 0.004 -20"><span class='ocrx_word' id='word_1_171' title='bbox 525 1830 751 1898; x_wconf 87' lang='lat' dir='ltr'>Belgium</span> <span class='ocrx_word' id='word_1_172' title='bbox 766 1864 783 1892; x_wconf 87' lang='lat'>‚</span> <span class='ocrx_word' id='word_1_173' title='bbox 814 1834 870 1885; x_wconf 71' lang='grc' dir='ltr'>δε</span> <span class='ocrx_word' id='word_1_174' title='bbox 891 1832 1114 1900; x_wconf 76' lang='lat' dir='ltr'>Belgium</span> <span class='ocrx_word' id='word_1_175' title='bbox 1131 1835 1183 1884; x_wconf 88' lang='lat' dir='ltr'>in</span> <span class='ocrx_word' id='word_1_176' title='bbox 1193 1834 1457 1902; x_wconf 59' lang='lat' dir='ltr'>conspectu</span> <span class='ocrx_word' id='word_1_177' title='bbox 1471 1836 1651 1890; x_wconf 86' lang='lat' dir='ltr'>habent</span> <span class='ocrx_word' id='word_1_178' title='bbox 1663 1866 1681 1895; x_wconf 87' lang='lat'>,</span> <span class='ocrx_word' id='word_1_179' title='bbox 1694 1835 1754 1888; x_wconf 69' lang='lat' dir='ltr'>Bc</span> 
     </span>
    </p>

    <p class='ocr_par' dir='ltr' id='par_1_23' title="bbox 522 1901 1756 1970">
     <span class='ocr_line' id='line_1_23' title="bbox 522 1901 1756 1970; baseline 0.005 -22"><span class='ocrx_word' id='word_1_180' title='bbox 522 1912 612 1966; x_wconf 87' lang='lat' dir='ltr'>per</span> <span class='ocrx_word' id='word_1_181' title='bbox 626 1912 824 1949; x_wconf 86' lang='lat' dir='ltr'>ventum</span> <span class='ocrx_word' id='word_1_182' title='bbox 840 1911 1051 1964; x_wconf 87' lang='lat' dir='ltr'>quatuor</span> <span class='ocrx_word' id='word_1_183' title='bbox 1062 1901 1289 1952; x_wconf 83' lang='lat' dir='ltr'>horarum</span> <span class='ocrx_word' id='word_1_184' title='bbox 1312 1902 1592 1970; x_wconf 84' lang='lat' dir='ltr'>prosperum</span> <span class='ocrx_word' id='word_1_185' title='bbox 1607 1903 1756 1954; x_wconf 89' lang='lat' dir='ltr'>attin·-</span> 
     </span>
    </p>

    <p class='ocr_par' dir='ltr' id='par_1_24' title="bbox 520 1963 1757 2102">
     <span class='ocr_line' id='line_1_24' title="bbox 520 1963 1757 2082; baseline 0.004 -67"><span class='ocrx_word' id='word_1_186' title='bbox 520 1963 803 2082; x_wconf 55' lang='lat' dir='ltr'>fere&#39;amica</span> <span class='ocrx_word' id='word_1_187' title='bbox 824 1965 977 2033; x_wconf 87' lang='lat' dir='ltr'>Belgii</span> <span class='ocrx_word' id='word_1_188' title='bbox 992 1967 1149 2019; x_wconf 84' lang='lat' dir='ltr'>littora</span> <span class='ocrx_word' id='word_1_189' title='bbox 1174 1967 1366 2034; x_wconf 74' lang='lat' dir='ltr'>possunt</span> <span class='ocrx_word' id='word_1_190' title='bbox 1380 2001 1399 2029; x_wconf 88' lang='lat'>,</span> <span class='ocrx_word' id='word_1_191' title='bbox 1424 1971 1592 2020; x_wconf 87' lang='lat' dir='ltr'>invitis</span> <span class='ocrx_word' id='word_1_192' title='bbox 1607 1971 1757 2020; x_wconf 83' lang='lat' dir='ltr'>etiam</span> 
     </span>
     <span class='ocr_line' id='line_1_25' title="bbox 561 2030 1757 2102; baseline 0.004 -21"><span class='ocrx_word' id='word_1_193' title='bbox 561 2030 818 2092; x_wconf 84' lang='lat' dir='ltr'>Iollandis‚</span> <span class='ocrx_word' id='word_1_194' title='bbox 849 2033 964 2098; x_wconf 90' lang='lat' dir='ltr'>quid</span> <span class='ocrx_word' id='word_1_195' title='bbox 988 2034 1040 2084; x_wconf 90' lang='lat' dir='ltr'>id</span> <span class='ocrx_word' id='word_1_196' title='bbox 1063 2033 1133 2086; x_wconf 92' lang='lat' dir='ltr'>est</span> <span class='ocrx_word' id='word_1_197' title='bbox 1146 2035 1271 2085; x_wconf 90' lang='lat' dir='ltr'>aliud</span> <span class='ocrx_word' id='word_1_198' title='bbox 1285 2067 1303 2095; x_wconf 87' lang='lat'>‚</span> <span class='ocrx_word' id='word_1_199' title='bbox 1334 2052 1479 2102; x_wconf 88' lang='lat' dir='ltr'>quam</span> <span class='ocrx_word' id='word_1_200' title='bbox 1504 2037 1560 2087; x_wconf 87' lang='lat'>&amp;</span> <span class='ocrx_word' id='word_1_201' title='bbox 1581 2035 1757 2086; x_wconf 89' lang='lat' dir='ltr'>addere</span> 
     </span>
    </p>

    <p class='ocr_par' dir='ltr' id='par_1_25' title="bbox 525 2098 1759 2169">
     <span class='ocr_line' id='line_1_26' title="bbox 525 2098 1759 2169; baseline 0.006 -22"><span class='ocrx_word' id='word_1_202' title='bbox 525 2098 659 2148; x_wconf 86' lang='lat' dir='ltr'>malo</span> <span class='ocrx_word' id='word_1_203' title='bbox 673 2099 856 2149; x_wconf 88' lang='lat' dir='ltr'>malum</span> <span class='ocrx_word' id='word_1_204' title='bbox 871 2116 1039 2151; x_wconf 88' lang='lat' dir='ltr'>eorum</span> <span class='ocrx_word' id='word_1_205' title='bbox 1055 2133 1075 2162; x_wconf 82' lang='lat'><strong>,</strong></span> <span class='ocrx_word' id='word_1_206' title='bbox 1105 2103 1280 2167; x_wconf 86' lang='lat' dir='ltr'>quibus</span> <span class='ocrx_word' id='word_1_207' title='bbox 1293 2101 1559 2153; x_wconf 79' lang='lat' dir='ltr'>succurrere</span> <span class='ocrx_word' id='word_1_208' title='bbox 1571 2103 1759 2169; x_wconf 82' lang='lat' dir='ltr'>aequius</span> 
     </span>
    </p>

    <p class='ocr_par' dir='ltr' id='par_1_26' title="bbox 524 2161 1759 2235">
     <span class='ocr_line' id='line_1_27' title="bbox 524 2161 1759 2235; baseline 0.005 -22"><span class='ocrx_word' id='word_1_209' title='bbox 524 2161 620 2215; x_wconf 86' lang='lat' dir='ltr'>fit?</span> <span class='ocrx_word' id='word_1_210' title='bbox 652 2162 783 2214; x_wconf 89' lang='lat' dir='ltr'>Mihi</span> <span class='ocrx_word' id='word_1_211' title='bbox 795 2167 860 2216; x_wconf 85' lang='lat' dir='ltr'>ita</span> <span class='ocrx_word' id='word_1_212' title='bbox 871 2167 1089 2227; x_wconf 83' lang='lat' dir='ltr'>videtur,</span> <span class='ocrx_word' id='word_1_213' title='bbox 1121 2167 1232 2219; x_wconf 87' lang='lat' dir='ltr'>fiita</span> <span class='ocrx_word' id='word_1_214' title='bbox 1245 2168 1398 2219; x_wconf 87' lang='lat' dir='ltr'>visum</span> <span class='ocrx_word' id='word_1_215' title='bbox 1414 2169 1468 2219; x_wconf 87' lang='lat' dir='ltr'>fit</span> <span class='ocrx_word' id='word_1_216' title='bbox 1478 2168 1641 2235; x_wconf 83' lang='lat' dir='ltr'>Regi:</span> <span class='ocrx_word' id='word_1_217' title='bbox 1667 2185 1759 2219; x_wconf 90' lang='lat' dir='ltr'>cu-</span> 
     </span>
    </p>

    <p class='ocr_par' dir='ltr' id='par_1_27' title="bbox 521 2229 1758 2301">
     <span class='ocr_line' id='line_1_28' title="bbox 521 2229 1758 2301; baseline 0.005 -21"><span class='ocrx_word' id='word_1_218' title='bbox 521 2231 598 2296; x_wconf 84' lang='lat' dir='ltr'>jus</span> <span class='ocrx_word' id='word_1_219' title='bbox 612 2229 681 2281; x_wconf 89' lang='lat' dir='ltr'>est</span> <span class='ocrx_word' id='word_1_220' title='bbox 716 2231 968 2299; x_wconf 87' lang='lat' dir='ltr'>(utputo)</span> <span class='ocrx_word' id='word_1_221' title='bbox 1004 2235 1214 2295; x_wconf 87' lang='lat' dir='ltr'>arbitrii,</span> <span class='ocrx_word' id='word_1_222' title='bbox 1246 2251 1393 2301; x_wconf 88' lang='lat' dir='ltr'>quam</span> <span class='ocrx_word' id='word_1_223' title='bbox 1417 2234 1572 2285; x_wconf 86' lang='lat' dir='ltr'>sumat</span> <span class='ocrx_word' id='word_1_224' title='bbox 1595 2236 1657 2287; x_wconf 91' lang='lat' dir='ltr'>de</span> <span class='ocrx_word' id='word_1_225' title='bbox 1680 2236 1758 2286; x_wconf 78' lang='lat' dir='ltr'>his</span> 
     </span>
    </p>

    <p class='ocr_par' dir='ltr' id='par_1_28' title="bbox 525 2296 1757 2364">
     <span class='ocr_line' id='line_1_29' title="bbox 525 2296 1757 2364; baseline 0.006 -18"><span class='ocrx_word' id='word_1_226' title='bbox 525 2296 798 2348; x_wconf 63' lang='lat' dir='ltr'>vindiCtam</span> <span class='ocrx_word' id='word_1_227' title='bbox 823 2330 842 2358; x_wconf 70' lang='lat'><em>2</em></span> <span class='ocrx_word' id='word_1_228' title='bbox 872 2301 957 2364; x_wconf 89' lang='lat' dir='ltr'>qui</span> <span class='ocrx_word' id='word_1_229' title='bbox 979 2301 1116 2351; x_wconf 88' lang='lat' dir='ltr'>suum</span> <span class='ocrx_word' id='word_1_230' title='bbox 1141 2300 1302 2352; x_wconf 87' lang='lat' dir='ltr'>laesere</span> <span class='ocrx_word' id='word_1_231' title='bbox 1324 2304 1614 2353; x_wconf 87' lang='lat' dir='ltr'>territorium</span> <span class='ocrx_word' id='word_1_232' title='bbox 1647 2320 1658 2352; x_wconf 77' lang='grc' dir='ltr'>ε</span> <span class='ocrx_word' id='word_1_233' title='bbox 1700 2303 1757 2354; x_wconf 75' lang='grc' dir='ltr'>δε</span> 
     </span>
    </p>

    <p class='ocr_par' dir='ltr' id='par_1_29' title="bbox 526 2365 1747 2435">
     <span class='ocr_line' id='line_1_30' title="bbox 526 2365 1747 2435; baseline 0.005 -22"><span class='ocrx_word' id='word_1_234' title='bbox 526 2365 782 2429; x_wconf 87' lang='lat' dir='ltr'>quomodo</span> <span class='ocrx_word' id='word_1_235' title='bbox 815 2366 933 2417; x_wconf 86' lang='lat' dir='ltr'>laefis</span> <span class='ocrx_word' id='word_1_236' title='bbox 974 2366 1030 2417; x_wconf 89' lang='lat' dir='ltr'>fit</span> <span class='ocrx_word' id='word_1_237' title='bbox 1066 2366 1451 2419; x_wconf 85' lang='lat' dir='ltr'>satisfaciendum</span> <span class='ocrx_word' id='word_1_238' title='bbox 1490 2367 1747 2435; x_wconf 81' lang='lat' dir='ltr'>Hispanis,</span> 
     </span>
    </p>

    <p class='ocr_par' dir='ltr' id='par_1_30' title="bbox 525 2429 1946 2500">
     <span class='ocr_line' id='line_1_31' title="bbox 525 2429 1946 2500; baseline 0.006 -21"><span class='ocrx_word' id='word_1_239' title='bbox 525 2429 684 2495; x_wconf 71' lang='lat' dir='ltr'>‘lquos</span> <span class='ocrx_word' id='word_1_240' title='bbox 697 2431 871 2483; x_wconf 86' lang='lat' dir='ltr'>laedere</span> <span class='ocrx_word' id='word_1_241' title='bbox 883 2433 1040 2484; x_wconf 83' lang='lat' dir='ltr'>hostes</span> <span class='ocrx_word' id='word_1_242' title='bbox 1055 2433 1334 2485; x_wconf 86' lang='lat' dir='ltr'>Hollandus</span> <span class='ocrx_word' id='word_1_243' title='bbox 1353 2437 1460 2500; x_wconf 85' lang='lat' dir='ltr'>jure</span> <span class='ocrx_word' id='word_1_244' title='bbox 1474 2452 1575 2485; x_wconf 88' lang='lat' dir='ltr'>non</span> <span class='ocrx_word' id='word_1_245' title='bbox 1592 2438 1753 2500; x_wconf 86' lang='lat' dir='ltr'>potuit</span> <span class='ocrx_word' id='word_1_246' title='bbox 1767 2436 1793 2473; x_wconf 75' lang='lat' dir='ltr'>d</span> <span class='ocrx_word' id='word_1_247' title='bbox 1816 2433 1946 2474; x_wconf 55' lang='lat' dir='ltr'>Ama&gt;</span> 
     </span>
    </p>
   </div>
   <div class='ocr_carea' id='block_1_3' title="bbox 528 2485 1947 2613">
    <p class='ocr_par' dir='ltr' id='par_1_31' title="bbox 528 2485 1947 2613">
     <span class='ocr_line' id='line_1_32' title="bbox 528 2485 1947 2574; baseline 0 -26"><span class='ocrx_word' id='word_1_248' title='bbox 528 2495 580 2572; x_wconf 79' lang='lat' dir='ltr'>in</span> <span class='ocrx_word' id='word_1_249' title='bbox 594 2497 831 2573; x_wconf 71' lang='lat' dir='ltr'>territorio</span> <span class='ocrx_word' id='word_1_250' title='bbox 849 2499 1008 2552; x_wconf 80' lang='lat' dir='ltr'>alieno</span> <span class='ocrx_word' id='word_1_251' title='bbox 1019 2500 1154 2551; x_wconf 89' lang='lat' dir='ltr'>ullibi</span> <span class='ocrx_word' id='word_1_252' title='bbox 1167 2534 1187 2563; x_wconf 85' lang='lat'>,</span> <span class='ocrx_word' id='word_1_253' title='bbox 1219 2501 1255 2551; x_wconf 86' lang='lat' dir='ltr'>fi</span> <span class='ocrx_word' id='word_1_254' title='bbox 1268 2494 1500 2552; x_wconf 85' lang='lat' dir='ltr'>dominus</span> <span class='ocrx_word' id='word_1_255' title='bbox 1527 2504 1649 2553; x_wconf 82' lang='lat' dir='ltr'>nolit</span> <span class='ocrx_word' id='word_1_256' title='bbox 1659 2515 1753 2553; x_wconf 90' lang='lat' dir='ltr'>ter·</span> <span class='ocrx_word' id='word_1_257' title='bbox 1766 2487 1876 2574; x_wconf 59' lang='lat'>{21⁰⁴</span> <span class='ocrx_word' id='word_1_258' title='bbox 1891 2485 1947 2524; x_wconf 68' lang='lat'>⁶⁶·</span> 
     </span>
     <span class='ocr_line' id='line_1_33' title="bbox 529 2575 696 2613; baseline -0.03 -1"><span class='ocrx_word' id='word_1_259' title='bbox 529 2575 696 2613; x_wconf 71' lang='lat' dir='ltr'>titoni.</span> 
     </span>
    </p>
   </div>
   <div class='ocr_carea' id='block_1_4' title="bbox 1172 2764 1762 2821">
    <p class='ocr_par' dir='ltr' id='par_1_32' title="bbox 1172 2764 1762 2821">
     <span class='ocr_line' id='line_1_34' title="bbox 1172 2764 1762 2821; baseline 0.005 -5"><span class='ocrx_word' id='word_1_260' title='bbox 1172 2764 1221 2816; x_wconf 88' lang='lat' dir='ltr'>E</span> <span class='ocrx_word' id='word_1_261' title='bbox 1514 2767 1762 2821; x_wconf 70' lang='lat' dir='ltr'>CAPUT</span> 
     </span>
    </p>
   </div>
  </div>
 </body>
</html>
