2396 3587
615 464 711 518 218
836 460 1190 513 Anneium
1224 462 1580 515 GENTILIS

613 544 841 610 (quando
871 546 1103 595 convenit
1128 544 1190 594 de
1220 544 1514 610 posteriore)
1549 543 1846 596 venditionis

616 612 931 662 celebrandae.
1004 612 1154 662 Utilis
1175 613 1246 662 est
1268 612 1574 677 praesentium
1600 613 1845 663 bonorum

619 680 920 729 conservatio
943 711 961 741 ‚
996 693 1078 729 aut
1103 680 1372 729 absentium
1403 681 1732 744 comparati0‚
1766 690 1848 728 aut

621 746 862 797 malorum
889 746 1177 813 propulsatio
1200 779 1215 804 ‚
1248 747 1326 796 vel
1347 745 1579 795 inhibitio
1604 762 1614 794 z
1652 761 1704 796 ut
1732 746 1848 797 Ari-

618 812 808 862 stoteles
834 847 850 874 2
886 814 982 864 sive
1004 815 1110 878 quis
1143 815 1260 863 alius
1286 812 1456 862 auctor
1480 811 1763 864 Rhetoricae
1788 810 1850 863 ad

620 880 959 930 Alexandrum
979 882 1161 939 ‚docet.
1197 879 1433 930 Venditio
1445 891 1605 929 autern
1621 912 1639 939 2
1672 881 1734 929 de
1757 893 1851 943 qua

617 951 881 1010 quaerimus
908 980 924 1006 2
958 947 1210 999 conservat
1245 948 1386 997 nobis
1415 947 1544 997 bona
1570 947 1848 1011 praesentia‚

617 1014 1190 1079 propulsatincomrnoda
1220 1014 1377 1063 futura
1397 1046 1414 1073 ‚
1449 1025 1502 1063 ut
1529 1029 1627 1076 ego
1650 1013 1851 1078 quidem

614 1080 791 1130 censeo
822 1097 836 1129 .·
884 1082 940 1131 ὃς
974 1082 1147 1132 censeo
1176 1112 1193 1139 ‚
1227 1095 1310 1130 me
1346 1097 1450 1130 non
1484 1079 1677 1129 censere
1714 1079 1853 1128 male.

618 1145 708 1194 Tu
725 1160 888 1197 tamen
907 1149 1045 1212 (audi
1064 1146 1244 1212 modo)
1263 1147 1474 1197 censebis
1488 1147 1636 1212 longe
1652 1147 1854 1212 optime.

616 1211 967 1264 Pronunciavit
987 1215 1146 1279 judex
1159 1248 1176 1275 2
1210 1213 1629 1280 quemadmodum
1644 1213 1856 1279 Legatus

622 1278 804 1329 &effet
817 1283 865 1330 in
880 1280 1159 1347 posseslione
1185 1282 1460 1339 bonorum,
1507 1279 1561 1329 &
1585 1281 1638 1329 in
1661 1289 1716 1329 ea
1742 1277 1859 1328 effer:

619 1344 900 1412 poffeffione
926 1347 1197 1399 servandus.
1232 1347 1390 1397 Nunc
1415 1346 1449 1395 fi
1475 1345 1726 1396 adversarii
1753 1345 1861 1408 (di-

621 1427 685 1460 co
699 1414 904 1464 verbum
930 1414 1252 1475 veriffimum)
1281 1413 1468 1477 judicio
1490 1424 1634 1478 agant
1657 1428 1861 1479 recupe-

619 1481 832 1540 ratori03
870 1481 1047 1530 eodem
1074 1480 1354 1546 posseffione
1381 1479 1592 1544 spoliati,
1627 1494 1859 1529 momen-

617 1555 670 1593 to
684 1558 931 1612 tempore,
968 1546 1161 1606 tridi10‚
1192 1545 1730 1597 trihoriorestituentur.
1763 1544 1861 1595 Vi-

618 1612 778 1662 cimus
797 1612 1031 1664 lia&enus
1048 1615 1200 1664 multa
1227 1615 1279 1662 in
1292 1614 1427 1662 causa
1450 1612 1536 1662 ista
1558 1629 1642 1680 per
1668 1613 1861 1662 bonurn

622 1678 807 1739 fatum,
839 1680 1003 1730 nescio
1033 1696 1095 1730 an
1119 1696 1205 1746 per
1225 1680 1571 1746 negligentiam
1601 1681 1743 1746 partis
1775 1677 1864 1729 ad-

620 1745 770 1796 versae
785 1748 960 1797 malam
976 1776 994 1807 ⁵
1026 1748 1173 1797 etiam
1188 1748 1319 1813 quod
1339 1746 1400 1795 de
1414 1762 1543 1796 nova
1556 1745 1769 1796 ineunda
1792 1763 1861 1797 εε-

624 1811 904 1863 stimatione
918 1830 1019 1863 non
1033 1814 1176 1873 ursit,
1213 1813 1512 1879 implicandis
1527 1815 1670 1864 novis
1687 1814 1861 1865 moris:

628 1891 683 1927 ut
693 1881 849 1944 potuit
862 1880 1111 1930 bellissime
1127 1880 1364 1930 Menoch.
1381 1879 1572 1945 adipisc.
1584 1896 1705 1931 rem.
1722 1896 1764 1944 ς.
1778 1895 1864 1934 nu.

630 1945 742 1996 166.
776 1947 852 1996 vel
875 1948 986 2012 quia
1001 1946 1260 1997 aestimatio
1273 1963 1522 2011 nunquam
1540 1946 1698 1997 transit
1714 1948 1766 1996 in
1792 1946 1864 2009 ju-

632 2010 881 2072 dicatum,
914 2014 989 2063 vel
1007 2014 1147 2079 quia,
1180 2013 1304 2063 facia
1328 2028 1497 2068 antea,
1527 2015 1606 2063 alii
1632 2013 1719 2064 fini
1732 2029 1787 2063 ea
1799 2012 1864 2064 fa-

630 2077 709 2127 &a
724 2079 829 2129 fuit.
864 2080 1024 2131 Etiam
1040 2080 1172 2145 quod
1195 2079 1256 2129 de
1271 2079 1617 2145 fidejussoribus
1630 2081 1770 2131 novis
1785 2095 1863 2130 ac·

630 2145 864 2210 cipiendis
890 2163 993 2196 non
1014 2148 1192 2212 exigit,
1228 2147 1282 2197 &t
1305 2149 1461 2213 potuit
1483 2149 1668 2212 optime
1698 2164 1712 2196 t
1749 2162 1864 2196 nam

625 2211 855 2262 datiolim
873 2212 933 2262 de
946 2214 1133 2278 judicio
1147 2213 1250 2268 isti,
1282 2230 1429 2279 reque
1444 2229 1546 2263 non
1564 2213 1833 2265 barattanda
1846 2244 1865 2273 ‚

629 2294 733 2327 non
748 2292 972 2330 tenentur
979 2283 995 2345 j
1004 2298 1078 2331 am
1096 2298 1145 2330 re
1159 2281 1284 2331 fasta
1297 2281 1453 2330 venali
1464 2296 1548 2346 per
1568 2280 1737 2343 judicis
1746 2296 1865 2346 pro-

631 2348 995 2396 nunciationem
1062 2348 1223 2397 Etiam
1256 2349 1317 2397 ab
1352 2348 1442 2397 hac
1464 2349 1867 2413 pronunciatione

633 2414 1038 2478 potuitappellare
1071 2430 1081 2462 ε
1116 2430 1231 2464 cum
1244 2414 1356 2464 esset
1372 2415 1642 2465 secuturum
1664 2430 1859 2480 recupe-

630 2480 861 2529 ratorium
901 2481 1225 2545 supradictum
1258 2493 1662 2532 momentaneum
1687 2496 1703 2530 .·
1733 2480 1867 2548 quod

631 2545 715 2592 sua
742 2546 974 2596 brevitate
999 2549 1212 2613 periculo
1236 2548 1513 2614 perditionis
1533 2564 1693 2599 rerum
1719 2581 1737 2608 2
1771 2563 1867 2598 nec

633 2610 883 2662 fruetuum
904 2615 1234 2674 horariorum,
1266 2617 1667 2667 satisoccurreret.
1701 2617 1865 2680 Atque

640 2678 740 2726 hoc
765 2683 1100 2747 recuperatorii
1125 2684 1392 2733 remedium
1422 2683 1589 2748 judicii
1615 2681 1646 2730 si
1674 2680 1862 2740 siletur,

634 2757 822 2809 autego
835 2749 978 2797 totius
992 2747 1090 2797 sum
1108 2750 1299 2813 ignarus
1305 2751 1424 2815 juris
1437 2782 1454 2809 ³
1482 2763 1562 2798 aut
1573 2747 1703 2798 idem
1718 2750 1863 2811 igno·-

637 2823 746 2858 rant
769 2813 1041 2863 universum
1066 2815 1244 2866 adversi
1282 2818 1483 2881 patroni.
1532 2815 1701 2881 Pergo
1735 2815 1786 2863 Si
1807 2830 1865 2863 o-

639 2877 834 2930 mittant
876 2879 938 2929 de
976 2883 1115 2933 omni
1160 2883 1442 2950 poffeffione
1488 2881 1725 2950 disputare
1747 2913 1765 2940 ,
1811 2881 1866 2932 «Sc

1742 2962 1865 2998 con-
