2396 3587
726 457 1639 529 DEDI'CATORIA.

563 578 717 646 nihil
731 580 810 646 de
821 579 954 646 aliis
969 580 1095 665 ejus
1118 578 1356 666 scriptis
1368 624 1391 652 ‚
1413 579 1780 648 lucubratio-

557 685 860 775 nibusque
872 687 1143 764 dicatur,
1186 706 1336 772 quas
1359 687 1583 771 partim
1609 689 1785 759 vivus

558 792 757 859 edidit
778 835 803 869 ‚
844 793 1070 880 partim
1111 792 1423 857 inchoatas
1446 836 1468 869 ,
1509 792 1613 858 vel
1640 793 1786 858 affe-

557 898 685 965 &as
703 896 965 966 habebat
976 945 999 977 ,
1025 914 1294 985 quantus
1318 895 1596 963 cumulus
1618 899 1792 963 nobi·

551 999 902 1073 iissnnarum
942 1003 1273 1072 caussarum
1302 1050 1326 1083 ,
1372 1021 1599 1090 quanta
1636 1007 1792 1089 juris

549 1106 814 1177 scientiae
853 1111 1071 1179 nostrae
1083 1157 1114 1190 ,,
1152 1132 1290 1199 quae
1319 1111 1500 1174 nimis
1531 1108 1793 1196 angustis

547 1217 774 1304 privati
802 1220 957 1307 juris
1009 1217 1304 1284 cancellis
1340 1216 1546 1282 claudi
1581 1237 1653 1279 ac
1677 1216 1790 1279 cir-

548 1324 872 1391 cumscribi
907 1326 1185 1402 videtur,
1226 1319 1668 1408 amplificandae
1696 1320 1784 1386 fa-

547 1431 763 1509 cultaS,
774 1430 885 1498 illo
908 1431 1207 1505 extinstQ
1227 1430 1448 1515 periit?
1482 1428 1674 1514 Cujus
1697 1431 1784 1493 rei

544 1555 969 1625 argumentum
995 1537 1040 1602 fi
1076 1536 1312 1601 nullum
1340 1533 1508 1598 aliud
1536 1531 1784 1598 habere-

546 1667 684 1714 mus
706 1692 728 1724 ,
770 1644 874 1711 hic
915 1661 1079 1710 certe
1118 1642 1272 1707 liber
1326 1638 1788 1727 amplissimum,

546 1750 657 1815 nisi
697 1747 880 1818 fallor
902 1794 926 1826 ,
976 1745 1492 1832 clarissimumque
1519 1745 1784 1811 testimo-

542 1856 714 1921 nium
731 1856 997 1943 praebere
1016 1851 1216 1942 poffit.
1265 1852 1391 1917 Sed
1418 1851 1781 1919 veriffimum

543 1960 828 2046 profefi'm
854 1960 942 2026 est
962 2008 987 2039 ,
1031 1957 1208 2047 quod
1232 1959 1457 2024 dicitur
1480 2001 1503 2034 ,
1545 1956 1781 2043 semper

549 2090 908 2155 praemature
931 2070 1088 2133 mori
1114 2066 1314 2132 videri
1343 2063 1536 2128 claros
1583 2061 1781 2128 homi-

548 2197 653 2242 nes
677 2225 699 2256 ,
737 2186 804 2247 ,&
837 2178 1024 2242 literis
1056 2196 1128 2243 ac
1172 2169 1467 2256 Reipubl.
1497 2170 1779 2255 juvandae

547 2300 739 2350 natos,
802 2283 995 2349 Hunc
1021 2283 1209 2370 igitur
1239 2279 1463 2349 librum
1487 2276 1679 2351 Tibi,
1699 2274 1781 2341 Il-

544 2388 880 2456 lustriffime
895 2391 1166 2455 Domine
1179 2433 1200 2465 ,
1229 2387 1412 2450 mitto
1425 2383 1775 2470 deditoque

536 2499 866 2587 justiffimis
904 2546 927 2576 ‚
986 2516 1057 2565 ut
1091 2497 1315 2584 opinor
1349 2539 1372 2572 ‚
1416 2493 1498 2558 de
1547 2490 1775 2556 causfis.

543 2611 715 2677 Nam
742 2606 1095 2694 Hispanicae
1122 2600 1540 2669 advocationis
1577 2601 1643 2664 in
1673 2620 1781 2664 ex-

545 2718 730 2784 ternis
744 2716 940 2804 regnis
956 2713 1138 2778 obitae
1155 2710 1406 2796 scriptio
1439 2708 1539 2774 cui
1558 2705 1774 2794 justius

547 2825 800 2893 debetur
825 2870 847 2905 ,
885 2843 1070 2913 quam
1109 2816 1458 2904 Hispanico
1501 2817 1774 2984 1,εὲεὲοὲ

1219 2927 1261 2967 *
1305 2949 1345 2999 4
1715 2918 1780 2989 ui
