2396 3587
553 456 1510 510 HrsPAN.A1>vocAT.L1B.11.
1582 475 1670 524 131

445 554 583 591 tatur.
615 542 679 591 Et
691 541 1108 591 criminalisillasit
1119 541 1276 590 caussa
1292 540 1591 600 Clementis,
1622 542 1677 591 sit

447 609 811 657 matrimonialis
826 639 840 664 ‚
855 623 964 671 quae
977 607 1093 655 solet
1108 609 1344 656 criminali
1360 609 1501 656 etiarn
1516 610 1564 656 in
1581 609 1675 656 hoc

446 674 694 741 proposito
710 674 918 723 conferri
1001 673 1018 708 f
1029 675 1194 737 Atque
1220 673 1416 737 speciale
1428 675 1497 724 est
1510 678 1672 723 matri-
1684 664 1710 751 j
1728 664 1868 707 “mm

446 741 606 790 monii
619 756 814 804 quoque
829 752 880 788 ut
894 740 1200 804 probationes
1213 742 1261 788 in
1275 758 1335 788 eo
1352 758 1451 789 non
1471 743 1676 799 valeant,
1710 726 1803 763 ''n'‘
1807 725 1869 761 1-3·

447 824 560 872 quae
573 808 624 855 in
639 808 733 856 alio
746 806 923 855 valent.
967 807 1051 855 Est
1070 806 1225 855 adhuc
1261 807 1421 872 (quod
1436 822 1604 856 notant
1616 825 1674 855 o-

447 890 588 924 mnes
603 874 636 935 >³
652 873 854 937 quaestio
866 875 933 921 ibi
947 873 1005 921 de
1023 874 1233 922 divortio
1245 907 1262 932 ‚
1277 886 1330 922 ut
1344 887 1477 923 tanto
1493 874 1678 922 firmio-

449 957 525 992 res
559 941 612 989 &
646 940 972 1006 singular-iores
996 940 1320 989 desiderentur
1357 941 1677 1005 probationes.

447 1007 683 1059 Dicerem
700 1030 726 1064 ,·
751 1008 806 1056 &
829 1006 963 1070 loqui
987 1007 1102 1055 illud
1119 1021 1262 1072 caput
1278 1008 1335 1056 de
1359 1008 1680 1060 accusatione,

451 1090 556 1124 non
574 1075 633 1124 de
645 1074 946 1122 testimonio:
976 1073 1029 1122 &
1045 1073 1136 1122 effe
1150 1073 1355 1138 positum
1370 1072 1603 1122 subtitulo
1617 1072 1678 1121 de

451 1140 833 1190 accusationibus
861 1140 1120 1188 &inlibris
1137 1140 1382 1189 nonnullis
1405 1139 1558 1189 deefle
1571 1156 1678 1203 par-

450 1220 553 1256 tem
569 1209 770 1256 rubricae
786 1239 801 1265 ‚
835 1222 943 1270 quae
959 1206 1101 1255 habet
1115 1209 1173 1255 de
1189 1207 1530 1257 testificatione.
1572 1206 1593 1243 g
1606 1205 1682 1255 Ut
1698 1222 1721 1258 g
1748 1209 1881 1249 &ef-‘³²

453 1287 615 1323 autem
635 1274 817 1322 facilius
832 1273 981 1321 solent
999 1271 1184 1322 admitti
1197 1274 1335 1322 testes
1350 1305 1367 1329 ,
1390 1272 1679 1338 quamJudi—
1699 1258 1878 1354 {ffal-ss'i'·

455 1357 535 1390 ces
570 1356 580 1387 :
611 1343 674 1388 ita
688 1340 879 1388 fortaffis
894 1339 1139 1388 fintiidcm
1158 1341 1442 1389 admittendi
1467 1341 1646 1390 facilius
1662 1371 1677 1396 ‚
1698 1363 1738 1395 de
1755 1332 1880 1405 {ejm'a
1946 1330 1952 1343 ’

456 1403 824 1472 quamJudi'ces.
860 1406 923 1455 Et
936 1406 965 1454 s
959 1425 982 1454 u
991 1420 1043 1455 nt
1057 1410 1259 1457 rationes
1274 1409 1527 1471 utrobique
1540 1422 1677 1456 com-
1698 1412 1780 1466 ΑΨ.
1793 1409 1883 1444 1.18.

458 1489 631 1525 munes
647 1507 664 1533 ‚
689 1475 886 1523 materia
906 1475 1036 1521 enim
1063 1475 1404 1539 probationum
1420 1477 1538 1537 saepe
1553 1473 1678 1522 tolli·
1697 1463 1822 1546 gfff}
1834 1458 1880 1543 ξ·

458 1555 537 1591 tur
551 1577 562 1595 ‚
595 1540 627 1589 si
642 1540 860 1590 arctetur.
911 1542 933 1576 h
947 1541 1010 1589 Et
1023 1540 1082 1589 de
1096 1541 1392 1590 accusatione
1414 1541 1576 1590 nullius·
1605 1539 1681 1589 ad·
1698 1564 1738 1597 de
1755 1534 1883 1607 1211}ss

461 1606 697 1658 mittenda
712 1624 795 1671 per
816 1608 1041 1671 scripturn
1060 1640 1077 1667 ,
1103 1613 1245 1656 etiam
1275 1609 1386 1657 alibi
1401 1624 1606 1660 canones
1629 1623 1682 1655 ac
1699 1615 1789 1648 Pan.
1806 1624 1834 1648 c·
1849 1610 1887 1647 6,

460 1676 603 1741 leges,
612 1688 686 1741 per
684 1676 892 1740 scriptum
904 1692 1007 1723 num
1039 1690 1143 1723 uam
1156 1677 1398 1742 recipiatur,
1413 1677 1507 1726 ἃς.
1546 1675 1686 1723 Prior
1702 1663 1860 1755 {xyst}

463 1755 625 1791 tamen
653 1745 826 1792 certior
846 1743 914 1791 est
948 1761 997 1791 re
1019 1743 1199 1806 ponfio.
1272 1744 1407 1792 Nam
1436 1741 1684 1807 posteriori
1702 1765 1727 1799 h
1754 1729 1887 1807 ξιξ,

463 1809 577 1858 huic
591 1808 947 1858 refistitfortiter
963 1811 1079 1858 ratio
1096 1811 1286 1858 Arctini
1305 1842 1319 1862 ,
1355 1811 1519 1874 quinta
1544 1809 1684 1856 nobis
1705 1827 1738 1860 q·
1752 1811 1887 1858 φανὰ·

463 1877 718 1933 contraria.
783 1876 848 1924 Et
864 1877 928 1924 illi
943 1891 1104 1924 tamen
1119 1879 1291 1925 rationi
1310 1879 1452 1925 etiam
1480 1891 1595 1924 mox
1617 1891 1689 1924 re·
1707 1859 1892 1947 2022}ss

466 1941 820 2007 spondebimus.
845 1942 1185 2007 Respondetur
1197 1960 1327 1992 nunc
1342 1946 1491 1993 tertiae
1508 1964 1516 1988 ε
1535 1940 1687 2004 iquod
1710 1925 1838 2001 ἔω.
1855 1935 1890 2009 3]

468 2011 574 2058 imo
600 2022 697 2057 tota
719 2011 823 2058 haec
847 2011 1138 2059 examinatio
1165 2011 1352 2059 testium
1371 2011 1521 2075 posita
1548 2009 1616 2058 est
1640 2010 1686 2055 in
1711 2025 1745 2068 5-
1765 2022 1852 2059 11-2·

467 2076 665 2125 arbitrio
684 2075 880 2137 Judicis.
914 2079 1054 2127 necis
1068 2078 1181 2126 illud
1195 2079 1347 2127 facere
1361 2079 1529 2134 debet,
1562 2074 1690 2139 quod
1711 2061 1845 2147 ssuff‘jg

468 2144 586 2208 petit
602 2145 733 2206 prior
746 2143 1005 2210 propositio
1026 2148 1325 2209 argumenti,
1360 2157 1411 2191 ut
1438 2146 1594 2207 itaque
1619 2142 1693 2188 vi·
1712 2136 1801 2198 tesi).
1819 2171 1891 2206 Μ.

465 2209 640 2259 demus
655 2242 672 2267 ‚
705 2210 867 2274 pasfim
895 2213 923 2258 a
940 2210 1113 2273 Judice
1127 2209 1595 2259 mandarialiisistam
1609 2222 1690 2256 ex·
1714 2213 1788 2271 &J
1814 2223 1849 2260 3·

471 2277 818 2328 aminationem
842 2279 961 2340 jure.
1026 2277 1053 2313 1<
1065 2278 1218 2328 Unde
1231 2276 1406 2326 Nellus
1420 2293 1612 2341 quoque
1627 2274 1688 2323 sic
1704 2274 1839 2350 {gsseu
1852 2310 1896 2344 de

473 2355 632 2399 tenet,
666 2342 861 2409 quodin
876 2344 1201 2394 criminalibus
1228 2357 1385 2392 teneat
1408 2361 1462 2392 ea
1485 2344 1603 2392 ratio
1631 2344 1690 2390 de
1710 2339 1895 2413 affingo.

474 2411 613 2458 vultu
630 2441 645 2466 ‚
680 2408 1089 2474 &trepidatione‚
1121 2428 1222 2461 non
1239 2412 1288 2459 in
1300 2411 1520 2460 civilibus
1548 2415 1695 2458 :cum

475 2474 529 2525 in
542 2477 759 2527 civilibus
773 2477 905 2540 possit
925 2474 1073 2526 Iudex
1086 2479 1492 2528 examinationem
1507 2476 1700 2525 testium

475 2544 558 2593 alii
572 2547 891 2594 committere.
935 2544 998 2592 Et
1014 2544 1179 2593 similia
1190 2545 1314 2608 apud
1330 2561 1442 2593 eum
1464 2545 1514 2591 in
1527 2539 1701 2593 imita-

479 2622 531 2658 tu
559 2610 618 2658 de
641 2612 834 2661 testibus
859 2642 876 2664 ,
908 2611 988 2657 ubi
1020 2611 1072 2662 ὃς
1108 2612 1170 2660 sic
1192 2611 1350 2661 firmat
1373 2609 1627 2659 nobiscum
1649 2611 1703 2658 in

482 2674 578 2739 ipsa
608 2679 884 2740 quaestione.
959 2676 1207 2727 Caeterum
1236 2679 1290 2728 &
1314 2677 1544 2743 posterior
1556 2693 1703 2742 nega-

481 2753 563 2790 tur
592 2743 712 2792 dieii
755 2747 1025 2808 argumenti
1067 2744 1329 2808 propositio
1353 2775 1374 2802 ‚
1418 2747 1529 2808 quia
1558 2746 1703 2790 etiam

481 2806 698 2875 scriptori
721 2811 901 2859 accidat
919 2843 938 2868 ,
985 2824 1038 2858 ut
1055 2811 1284 2875 trepidet,
1317 2810 1485 2875 palleat
1499 2844 1515 2870 ,
1530 2811 1705 2857 titubet

483 2873 605 2928 dum
623 2876 850 2941 scriptum
865 2876 959 2942 ipse
981 2877 1125 2929 offert
1150 2877 1304 2928 Indici
1327 2893 1491 2926 coram
1510 2880 1704 2942 juratus.

1131 2942 1155 2993 Ι
1189 2959 1219 2992 2
1546 2939 1710 2989 Potest.
