2396 3587
871 476 1592 546 EPISTOLA

645 595 771 662 Cui
798 598 1068 664 actarum
1097 620 1212 680 pro
1241 596 1535 684 Hispanis
1561 603 1626 666 in
1655 601 1869 668 Consi-

640 700 829 769 storio
854 706 1064 793 Regio
1091 704 1419 770 cauffarum
1453 705 1641 785 liber,
1685 731 1873 795 quarn

651 810 871 877 summi
929 812 1365 902 Hispaniarum
1408 812 1603 900 Regis
1640 861 1663 892 ,
1706 816 1874 901 apud

641 917 980 984 Caesaream
1006 919 1392 1008 Majestatem
1406 967 1427 997 ,
1472 922 1765 987 Oratori?
1794 922 1870 988 In

641 1027 811 1110 cujus
840 1027 1182 1093 clientelam
1213 1028 1420 1115 potius
1447 1019 1760 1117 confugiat
1774 1028 1876 1095 hic

639 1128 827 1210 liber,
876 1157 1063 1221 quam
1087 1139 1213 1223 ejus
1234 1180 1256 1213 ,
1301 1136 1412 1222 qui
1438 1155 1517 1199 ex
1550 1157 1619 1200 ea
1646 1132 1878 1203 familia

640 1256 814 1303 natus
837 1240 953 1317 est,
975 1263 1054 1307 ex
1075 1264 1195 1329 qua
1210 1239 1425 1318 isfuit,
1452 1241 1554 1306 cui
1574 1243 1873 1331 originem

637 1340 802 1410 suam
846 1371 916 1411 ac
944 1351 1131 1414 vitam
1173 1350 1274 1415 hic
1299 1348 1453 1414 liber
1486 1349 1707 1416 debet?
1753 1352 1875 1417 Ac-

645 1455 813 1518 cedit
838 1454 958 1518 huc
986 1473 1091 1520 tua
1115 1455 1490 1521 incredibilis
1517 1456 1879 1526 humanitas>

642 1583 781 1647 quae
816 1585 1318 1651 unumquemque
1341 1564 1421 1628 ad
1461 1562 1522 1629 se
1553 1568 1880 1633 amandum

646 1669 1102 1758 colendumque
1128 1671 1322 1738 allicit
1351 1715 1371 1747 ,
1422 1693 1565 1736 cum
1601 1671 1879 1762 fingulari

641 1779 866 1844 virtute
896 1824 917 1854 ‚
962 1777 1327 1866 summoque
1373 1778 1693 1863 splendore
1738 1782 1883 1846 vitae

645 1886 979 1972 conjuncta.
1035 1886 1330 1954 Vidimus
1355 1886 1466 1973 ipsi
1493 1886 1647 1973 saepe
1673 1909 1878 1952 coram

641 1994 715 2056 in
740 1992 919 2057 Urbe
945 1992 1057 2056 hac
1075 1991 1329 2077 Imperii
1354 1995 1621 2058 maxima
1637 1991 1879 2058 clariffi-

643 2119 868 2185 maque
893 2098 961 2164 N
968 2098 1307 2188 orimberga
1320 2135 1338 2175 3
1369 2120 1554 2188 teque
1565 2102 1877 2171 videntes,

650 2205 847 2292 ipsum
872 2207 1344 2292 quodammodo
1371 2210 1594 2276 intueri
1631 2210 1875 2296 Regem

645 2313 987 2376 maximum
1026 2312 1430 2392 videbamur,
1473 2323 1536 2382 δε
1576 2316 1879 2401 magnitu-

642 2422 805 2487 dinis
843 2417 1200 2507 Hispanicae
1239 2421 1486 2488 molem.
1574 2423 1753 2509 Qd
1789 2420 1875 2485 est

632 2503 812 2593 xenirn
842 2527 1107 2616 Legatus
1130 2528 1299 2595 aliud
1319 2575 1339 2606 ,
1385 2552 1571 2619 quam
1597 2551 1667 2594 os
1693 2537 1756 2596 ὃς
1784 2526 1877 2594 fa-

647 2638 770 2701 cies
797 2638 955 2721 ejuS,
979 2639 1013 2701 ἐι
1043 2660 1172 2724 quo
1198 2636 1399 2703 miss‘us
1432 2637 1549 2716 est,
1578 2636 1874 2723 cujusque

642 2746 727 2810 ob
743 2744 807 2808 id
822 2742 1141 2829 personam
1168 2745 1450 2809 sustinere
1463 2742 1874 2808 existimatur?

641 2853 810 2917 Bene
848 2848 1233 2939 feliciterque
1258 2853 1454 2919 valeat
1480 2846 1871 2916 Illustrissima

1651 2957 1871 3044 Digni·
