2396 3587
399 2133 425 2159 κ
451 2120 482 2156 d.
504 2126 528 2158 l.

394 2180 538 2209 contra·

399 2224 489 2258 Rus.

598 461 699 509 250
860 446 1202 496 Anneium
1236 444 1594 498 Gan-rums

600 533 713 580 alias
727 530 841 580 duas
852 530 975 581 forte
987 546 1087 580 non
1104 531 1159 580 fit
1173 530 1428 596 perfectus.
1461 530 1586 581 Satis
1600 529 1686 591 est,
1701 531 1833 596 quod

602 597 659 645 s1t
670 596 911 662 perfectus
925 595 1227 660 perfectione
1238 599 1390 663 prima
1406 630 1423 652 ‚
1436 615 1498 648 ne
1519 599 1658 648 liceat
1671 599 1833 663 poeni-

600 676 700 713 tere
711 696 729 723 ,
760 665 914 729 inquit
928 663 1177 715 Decianus
1208 682 1218 714 ε
1257 666 1310 713 &
1334 664 1699 716 efficacisfimam
1716 664 1834 716 dicit

601 729 696 779 esse
720 733 973 779 rationem.
1005 728 1434 781 Inefficaciffimam
1452 747 1568 780 vero
1582 763 1599 790 ,
1617 732 1833 796 inquiam

600 811 699 860 ego
733 813 743 844 :
774 798 885 861 quia
899 797 959 846 de
973 796 1254 847 conditione
1268 798 1348 847 hic
1362 799 1651 863 quaerimus,
1687 798 1740 847 &
1761 797 1834 846 se-

601 863 760 912 cunda
784 864 1094 928 perfeffione.
1151 864 1309 914 Addit
1328 880 1443 914 vero
1467 865 1607 913 aliam
1647 865 1668 929 (
1690 877 1742 913 ut
1756 864 1831 913 lo-

598 930 793 995 quitur)
830 930 1162 981 inevitabilem
1195 945 1210 980 .·
1246 947 1355 995 quae
1386 930 1455 979 est
1491 935 1662 980 contra·
1692 933 1836 981 ratio-

594 1013 714 1046 nem
742 994 1003 1047 Castrenfis
1072 998 1211 1047 Nam
1245 998 1277 1047 fi
1309 1009 1464 1063 partes
1498 997 1831 1049 contrahendo

595 1061 786 1121 dicant,
820 1062 867 1112 se
882 1065 1010 1112 nolle
1024 1066 1074 1114 in
1087 1065 1267 1130 scriptis
1282 1064 1562 1114 contrahere
1578 1096 1595 1123 ,
1632 1065 1684 1113 &
1699 1063 1830 1128 quod

596 1130 769 1179 volunt
791 1130 1312 1197 contraitumintelligi
1339 1129 1827 1195 perfectum&abso-

579 1235 582 1240 .
596 1196 750 1245 lutum
766 1212 782 1256 3
817 1196 894 1246 sed
908 1210 1070 1247 tamen
1084 1199 1216 1262 quod
1235 1198 1410 1247 volunt
1424 1197 1524 1247 fieri
1536 1197 1828 1247 instrumen-

595 1277 698 1311 tum
716 1263 772 1312 ad
788 1264 1035 1314 clariorem
1051 1266 1386 1329 probationem
1403 1264 1455 1314 ὃς
1480 1277 1708 1314 aeternam
1725 1280 1832 1314 me-

592 1331 801 1379 moriam
827 1349 838 1376 :
865 1344 991 1379 certe
1015 1332 1151 1381 locus
1173 1332 1267 1380 hoc
1279 1331 1385 1380 casu
1412 1347 1515 1380 non
1532 1332 1724 1397 eritlegi
1750 1330 1828 1378 su-

590 1395 822 1462 pradictae
857 1413 866 1444 :
903 1397 1139 1448 Ettamen
1153 1397 1388 1448 Notarius
1403 1397 1680 1463 ipsescribet
1698 1397 1830 1448 diem

591 1478 801 1528 rogatus.
822 1461 915 1511 Sed
930 1464 1181 1516 &tertiam
1205 1467 1439 1514 rationem
1455 1464 1519 1513 fic
1532 1464 1683 1523 addit>
1699 1463 1831 1530 quod

593 1529 626 1578 si
642 1532 692 1578 in
707 1529 957 1579 contractu
974 1562 991 1585 ‚
1022 1545 1134 1596 puta
1147 1531 1440 1580 venditionis
1458 1563 1474 1589 ‚
1504 1531 1721 1581 additum
1737 1531 1832 1581 fuit

591 1596 788 1662 padtum
807 1596 865 1645 de
879 1597 1260 1648 retrovendendo
1273 1597 1502 1648 &astum
1517 1597 1789 1662 simpliciter
1811 1629 1829 1655 ‚

594 1677 648 1712 ut
672 1664 730 1712 de
744 1665 973 1713 omnibus
1001 1664 1136 1714 fieret
1154 1665 1560 1724 instrumentum,
1596 1680 1696 1730 quo
1720 1663 1826 1713 casu

592 1730 859 1779 secundum
907 1729 1215 1785 castrensem
1260 1749 1362 1782 non
1397 1731 1582 1781 dicetur
1618 1729 1830 1795 perfecta

592 1798 826 1849 venditio;
843 1796 873 1846 si
889 1798 1049 1861 postea
1062 1798 1115 1851 fit
1127 1799 1502 1849 instrumentum
1515 1797 1834 1854 venditionis,

596 1863 773 1913 omisso
805 1863 949 1928 paito
976 1866 1378 1923 reti-ovendendi,
1413 1879 1601 1930 emptor
1625 1881 1683 1913 ex
1709 1863 1828 1927 ejus-

594 1930 707 1980 dem
744 1933 978 1995 opinione
1014 1949 1118 1983 non
1152 1933 1305 1998 potest
1335 1935 1447 1998 cogi
1486 1932 1543 1980 ad
1580 1944 1831 1981 retrovcn-

595 1996 813 2047 dendum
833 2014 842 2044 :
868 2001 981 2063 quia
1003 2013 1114 2049 ante
1136 1999 1421 2050 confectum
1449 1997 1825 2047 instrumentum

595 2065 785 2115 licuerit
797 2067 1003 2130 emptori
1018 2067 1200 2131 semper
1214 2068 1481 2132 poeniterc:
1508 2066 1563 2115 &
1578 2080 1731 2129 neque
1742 2079 1829 2127 po-

601 2135 707 2181 terit
721 2148 804 2196 per
821 2133 957 2181 testes
969 2135 1160 2197 probari
1178 2133 1388 2197 pactum.
1439 2132 1464 2154 x
1483 2130 1615 2197 quod
1640 2145 1830 2180 utrum-

602 2216 694 2264 que
706 2198 773 2249 est
788 2197 986 2255 falsum,
1019 2201 1180 2264 inquit
1203 2200 1467 2251 Decianus.
1499 2214 1611 2249 nam
1638 2197 1690 2246 δε
1714 2213 1832 2262 pro-

603 2268 700 2314 bari
719 2266 896 2329 poterit
921 2265 1117 2330 pactum
1148 2283 1231 2333 per
1244 2266 1380 2315 testes
1406 2282 1418 2314 .·
1449 2266 1501 2314 &
1524 2263 1738 2329 ex'pac'to
1761 2263 1825 2312 sic

598 2333 800 2397 probato
814 2334 987 2395 poterit
1012 2346 1199 2398 emptor
1210 2334 1476 2383 conveniri.
1510 2331 1642 2395 Ergo
1656 2330 1707 2380 &
1723 2330 1831 2379 falsa

599 2399 655 2448 sit
688 2401 811 2447 ratio
843 2397 1106 2449 Castrensis
1131 2431 1147 2457 ‚
1193 2400 1381 2464 sumpta
1402 2400 1461 2448 ab
1494 2398 1829 2447 instrumento.

599 2464 728 2515 Falsa
752 2464 820 2512 est
848 2464 974 2516 sane.
1031 2466 1148 2515 Nec
1174 2468 1343 2530 probat
1365 2467 1650 2530 opinionem
1683 2463 1828 2528 ipsuis

598 2531 674 2580 d.1
701 2531 963 2581 contrafluae.
999 2532 1127 2598 Ergo
1151 2534 1204 2583 &
1232 2550 1320 2582 nos
1338 2533 1620 2583 contrariam
1638 2529 1828 2579 senten-

600 2602 715 2648 tiam
729 2602 779 2647 in
798 2599 1164 2663 hacquaestione
1178 2599 1428 2665 sequamur
1456 2613 1466 2644 τ
1498 2615 1608 2664 quae
1630 2597 1824 2663 probata

599 2666 668 2714 est
693 2667 848 2714 multo
873 2666 1044 2715 melius
1079 2683 1089 2713 ε
1124 2683 1222 2714 non
1250 2682 1413 2717 tamen
1446 2682 1527 2729 per
1554 2667 1659 2713 haec
1683 2679 1827 2727 argu-

602 2733 1023 2792 {mentaDeciani³
1059 2732 1135 2782 sed
1162 2750 1244 2797 per
1275 2735 1350 2781 illa
1380 2731 1616 2797 Salyceti‚
1649 2731 1823 2794 quibus

600 2799 783 2848 nullam
816 2799 961 2846 video
1001 2801 1179 2847 bonam
1209 2799 1563 2864 responsionem
1590 2797 1734 2861 objici
1768 2811 1822 2844 ac

592 2866 756 2915 referri
791 2862 935 2930 poffe.
1003 2866 1274 2931 Adjuvatur
1310 2868 1456 2918 etiam
1492 2882 1577 2933 per
1613 2861 1823 2976 regt1}am

1659 2943 1822 2995 vugae
