2396 3587
647 446 925 496 HtsPAN.
962 445 1308 500 ADvocA'r.
1343 450 1484 503 Lxss.
1519 453 1597 505 II.
1663 473 1760 521 229

534 526 685 591 ipsum
714 526 950 591 Legatum
976 558 994 585 ,
1028 543 1120 576 nec
1152 542 1321 578 contra
1358 530 1506 581 alium
1533 566 1551 594 ,
1596 551 1759 586 contra

535 609 679 657 quem
709 610 800 642 nec
823 593 890 641 est
916 593 1020 641 lata.
1078 594 1273 643 Illustris
1301 596 1550 657 Domine,
1582 603 1761 652 iterum

534 671 683 725 pem,
709 659 975 709 consideres
992 691 1007 717 ,
1042 659 1073 706 s1
1101 659 1347 723 Hispanus
1372 664 1488 712 velit
1509 667 1759 731 delinque—

535 741 588 773 re
600 726 901 790 contraleges
915 725 1070 788 Regis
1086 725 1150 772 sui
1167 758 1182 782 ,
1217 727 1269 774 δε
1284 727 1494 791 Legatus
1513 732 1539 778 Ξ).
1553 745 1599 780 te
1611 748 1760 795 petat,

531 806 597 839 ne
635 790 758 841 sinas·
779 789 1022 840 subditum
1056 791 1335 855 delinquere
1360 826 1375 852 ‚
1411 812 1469 842 an
1509 809 1562 845 tu
1598 799 1761 848 audire

534 856 777 923 Legatum
793 874 894 906 non
921 858 1130 906 habeas?
1161 856 1316 906 Sinec
1333 859 1541 911 subditus
1554 863 1649 911 hoc
1673 878 1756 912 ve-

531 922 608 983 lit,
628 937 758 974 certe
773 923 921 973 sinere
936 939 1037 975 non
1057 936 1210 987 potes.
1241 925 1295 972 N
1302 941 1367 973 on
1382 926 1568 990 Legato
1585 929 1763 979 tribues

529 988 695 1039 saltem
710 1002 901 1054 tempus
914 1022 931 1049 ‚
963 991 1085 1038 intra
1096 990 1227 1053 quod
1242 1006 1436 1041 moneat
1446 993 1686 1043 subditum
1703 997 1762 1044 il-

530 1055 634 1105 lurn
648 1055 804 1119 Regis
822 1057 885 1104 sui
900 1089 916 1115 ‚
934 1068 986 1104 ut
999 1071 1102 1104 non
1117 1055 1263 1106 tradat
1276 1058 1381 1107 haec
1400 1059 1526 1107 bona
1542 1059 1755 1110 Hol-lan-

533 1124 675 1172 dico?
711 1121 1102 1172 &Hollandicus
1116 1124 1152 1170 is
1169 1139 1290 1173 num
1316 1125 1754 1177 habetmandatum

530 1190 836 1254 recuperandi
852 1190 877 1236 a
894 1189 1077 1253 Legato
1089 1189 1154 1235 sui
1172 1190 1361 1256 Regis?
1395 1193 1538 1240 etiam
1554 1193 1631 1242 hic
1643 1194 1752 1243 nul·
1774 1185 1799 1224 k
1827 1187 1954 1234 ²·24·0v

531 1255 634 1304 litas
664 1270 723 1303 ex
749 1254 938 1305 defe&u
954 1253 1180 1307 mandati.
1215 1259 1240 1293 k
1257 1259 1383 1326 Qae
1410 1258 1462 1307 &
1488 1273 1757 1324 opponetur
1771 1239 1945 1326 3ᾗῖξᾶ

531 1321 731 1387 semper·
1770 1338 1859 1386 cons.
1874 1319 1955 1389 345:

817 1519 1138 1572 CAPUT
1209 1518 1480 1573 XXVII-

643 1649 732 1703 De
756 1642 1076 1725 exceptione
1100 1639 1348 1725 quadam
1375 1637 1656 1723 adversm

980 1742 1284 1778 execmlonenl·

639 1861 750 1912 Ecit
767 1860 1092 1913 procuratoris
1134 1861 1428 1927 (minimum
1445 1861 1598 1911 dicam
1617 1863 1635 1926 )
1671 1878 1760 1911 ne-

635 1930 860 1995 gligentia
874 1961 890 1987 ,
924 1942 974 1978 ut
987 1930 1231 1979 decretum
1246 1931 1337 1979 tale
1351 1931 1730 1993 interponeretur
1742 1960 1761 1986 ,

531 1996 702 2060 quale,
739 1994 771 2043 sl
798 1993 1103 2045 consuluisset
1132 1994 1416 2046 Procurator
1442 1995 1724 2044 Advocatos
1742 2025 1760 2053 ,

531 2060 859 2127 interpofitum
879 2078 1123 2126 nunquam
1138 2062 1306 2111 fuisset.
1341 2063 1401 2111 Et
1418 2063 1571 2126 potuit
1592 2075 1762 2111 tamen

531 2128 760 2177 dominus
784 2128 933 2178 Iudex
956 2128 1145 2189 audire,
1178 2145 1288 2194 quae
1314 2129 1444 2178 idem
1472 2127 1759 2178 Procurator

530 2194 773 2245 adferebat
798 2195 850 2243 &
875 2194 1143 2244 ostensurus
1166 2209 1294 2255 erat,
1327 2212 1391 2245 ne
1418 2194 1540 2243 istud
1565 2196 1761 2243 emitte-

534 2273 667 2312 retur
687 2260 951 2312 decretum.
1005 2261 1099 2311 ·Est
1121 2261 1368 2312 decretum
1394 2262 1579 2310 nullum
1606 2261 1758 2309 varie:

533 2327 589 2378 &
611 2340 740 2379 certe
768 2358 787 2383 ‚
828 2328 857 2376 ἐι
883 2343 984 2392 quo
1002 2328 1248 2391 justissime
1274 2329 1530 2394 appelletur
1564 2344 1574 2375 ε
1607 2326 1762 2376 certis-

533 2393 650 2443 fi‘rne
676 2425 693 2452 ‚
723 2395 856 2459 quod
882 2409 1108 2444 revocare
1141 2394 1370 2447 dominus
1394 2394 1543 2443 Iudex
1582 2395 1760 2445 merito

534 2461 670 2526 poffit
701 2492 718 2519 ‚
753 2473 807 2510 ut
827 2461 934 2509 haec
958 2474 1166 2525 exponet
1189 2461 1386 2510 Dchor
1408 2459 1618 2524 Floydus
1656 2459 1764 2508 Ad-

532 2538 752 2575 vocatus.
812 2526 927 2591 Ego
951 2527 1066 2576 illud
1100 2525 1299 2576 afferam
1325 2559 1342 2586 ‚
1386 2529 1519 2591 quod
1548 2526 1760 2591 plurium

534 2593 673 2642 isthic
710 2594 908 2643 vertitur
944 2591 1102 2643 caussa
1124 2626 1142 2652 ‚
1185 2593 1239 2645 ὅς
1266 2593 1423 2643 multo
1446 2592 1653 2657 plurium
1691 2592 1763 2638 ci-

533 2658 710 2709 starum
737 2659 918 2710 saccari.
990 2659 1054 2709 Et
1074 2676 1164 2709 nec
1188 2659 1365 2710 debent
1386 2660 1462 2708 hae
1487 2658 1604 2708 οᾶο
1630 2657 1761 2706 cistae

531 2726 608 2774 his
638 2723 802 2786 reddi,
834 2724 1195 2790 quiasseruntur
1217 2726 1436 2779 domini,
1466 2724 1499 2772 fi
1523 2739 1625 2772 non
1643 2723 1694 2772 &
1711 2740 1763 2772 a·

534 2791 588 2840 lii
602 2791 749 2840 auditi
759 2791 866 2841 sunt
876 2790 1064 2842 domini
1079 2793 1365 2854 reliquarum
1381 2792 1537 2840 multo
1552 2790 1762 2854 plurium

536 2856 760 2909 cistarum
774 2874 784 2909 :
800 2860 856 2912 &
866 2867 968 2911 tota
979 2857 1036 2912 fit
1047 2857 1202 2975 cauga
1213 2857 1421 2910 definita.
1445 2855 1580 2916 Esto,
1597 2856 1763 2929 decre-

1219 2934 1244 2990 3
1643 2933 1763 2970 verit
