2396 3587
651 467 746 529 184
904 458 1243 515 Annmucr
1279 457 1632 512 omnus

635 546 895 614 jussoribus
914 546 1172 596 liberandis
1196 542 1337 594 tradit
1361 542 1654 594 Menochius
1678 542 1871 595 noviffi-

639 617 723 665 'me
749 631 761 664 :
789 613 843 663 δε
867 613 1037 662 decem
1063 612 1214 661 adfert
1227 610 1499 664 Doctores,
1530 611 1754 675 quiidem
1776 610 1870 659 do·

641 693 875 738 cuerunt,
908 678 1095 728 nullum
1113 676 1586 728 veroadversantem.
1618 677 1712 726 Sed
1737 694 1872 742 quae-

636 747 730 797 stio
745 748 814 796 est
826 778 843 804 ‚
879 761 940 794 an
955 744 1167 810 Legatus
1181 743 1325 792 hodie
1337 757 1552 793 teneatur
1575 743 1872 794 instrumen2

638 825 745 864 tum
760 814 829 862 eis
841 811 998 861 facere
1012 824 1094 860 aut
1105 812 1245 859 aliam
1260 811 1771 876 promiffionem,quod
1790 826 1875 859 eos

633 880 872 930 liberabit,
887 893 1001 927 cum
1016 876 1278 933 discedent,
1296 889 1377 925 aut
1390 876 1543 941 (quod
1559 877 1797 942 postulant
1814 875 1876 924 fi·

635 944 922 1011 flejuffores)
937 947 1061 994 intra
1073 959 1261 994 certum
1275 956 1480 1006 tempuS.
1494 943 1557 993 Et
1568 959 1662 1009 ego
1675 944 1733 992 de
1746 958 1874 991 tem·

643 1027 762 1078 pore
777 1024 913 1062 certo
925 1011 1022 1075 peti
1034 1027 1135 1059 non
1147 1008 1281 1075 poffe
1294 1023 1460 1076 putem
1487 1024 1499 1055 :
1524 1011 1756 1075 quoniam
1767 1010 1877 1059 haec

638 1078 755 1129 effet
766 1078 999 1144 obligatio
1010 1076 1068 1126 ad
1084 1077 1132 1125 id
1145 1109 1162 1135 ‚
1187 1076 1245 1125 ad
1259 1075 1389 1140 quod
1405 1075 1615 1141 Legatus
1629 1093 1731 1126 non
1742 1091 1877 1126 tene-

639 1158 739 1195 tur:
753 1146 837 1211 qui
852 1158 1041 1193 tenetur
1054 1143 1207 1192 solum
1224 1143 1274 1191 in
1290 1141 1394 1191 casu
1412 1142 1739 1207 profectionis.
1778 1139 1879 1192 Sed

643 1228 741 1262 nec
756 1211 943 1261 videtur
955 1209 1186 1275 obstringi
1201 1209 1411 1275 Legatus
1425 1209 1483 1259 ad
1497 1210 1875 1261 instrumentum

639 1280 693 1329 in
706 1279 838 1328 diem
851 1278 994 1328 istum
1015 1276 1330 1342 profestionis
1343 1277 1594 1326 incertum.
1630 1277 1769 1328 Nam
1781 1277 1880 1326 hoc

639 1359 722 1396 aut
733 1345 918 1395 inducit
930 1360 1111 1393 novam
1125 1343 1495 1407 obligationem,
1511 1356 1592 1393 aut
1608 1344 1886 1413 fortiorem)

642 1413 708 1463 Et
731 1424 906 1462 neutro
922 1411 1030 1460 casu
1053 1423 1241 1459 tenetur
1263 1409 1477 1476 Legatus
1499 1410 1879 1461 instrumentum

449 1482 477 1522 b
499 1480 628 1540 astque.
644 1480 800 1530 facere
821 1493 832 1525 :
867 1478 889 1514 b
900 1480 1013 1545 quia
1027 1478 1348 1541 obligationes
1358 1476 1404 1525 su
1412 1489 1467 1525 nt
1482 1478 1760 1534 voluntatiS,
1775 1492 1881 1527 non

445 1533 600 1622 ‘ciessfjg'
613 1582 627 1617 ι
641 1546 931 1596 neceffitatis.
945 1543 963 1567 ⁶
975 1544 1036 1594 Et
1049 1544 1266 1609 quia,ubi
1277 1543 1485 1593 deterior
1499 1543 1554 1593 fit
1568 1543 1783 1594 conditio
1793 1544 1884 1595 de·

447 1636 488 1671 in
513 1597 638 1669 οηιξὲὑζ
647 1615 844 1671 birotis,
877 1628 978 1662 non
994 1624 1184 1660 tenetur
1200 1609 1389 1660 debitor
1413 1611 1880 1661 facereinstrumeu-
1939 1616 1941 1618 ’

447 1686 581 1731 dend-
647 1695 753 1731 tum
787 1695 800 1727 :
833 1679 888 1730 fit
914 1691 1075 1729 autem
1100 1678 1338 1736 deterior,
1373 1677 1407 1726 fi
1430 1679 1599 1728 fortius
1624 1679 1878 1744 obligatur.

450 1736 578 1832 ‘²233‘
594 1734 618 1832 ἑ
647 1747 796 1816 Qod
812 1746 843 1795 fi
855 1759 1014 1797 autem
1027 1746 1303 1811 probationi
1316 1757 1502 1794 tantum
1517 1744 1882 1811 petiturinstru-

443 1786 636 1885 siegznffess.
648 1828 889 1872 mentum,
903 1814 1046 1864 etiam
1063 1827 1221 1877 neque
1232 1823 1425 1861 tenetur
1441 1811 1654 1878 Legatus
1670 1843 1686 1870 ‚
1699 1813 1883 1878 quoni-

450 1900 489 1923 π·
505 1886 571 1944 ¹82
588 1887 633 1921 de
652 1898 729 1931 am
743 1898 845 1930 non
861 1882 942 1929 bic
957 1879 1221 1945 periculum
1235 1878 1304 1928 est
1315 1910 1333 1936 ,
1364 1893 1418 1927 ut
1440 1878 1689 1928 intercidat
1702 1879 1883 1944 proba-

450 1937 544 1976 dam.
557 1935 624 1984 ms.
647 1950 733 1999 tio,
765 1948 870 1998 Lex
884 1963 1093 2013 namque
1105 1945 1192 2005 est,
1206 1962 1315 2011 quae
1328 1946 1510 2010 obligat
1524 1946 1784 2012 Legatum.
1815 1944 1882 1996 Et

644 2015 866 2081 probatio
877 2015 994 2080 legis
1007 2047 1024 2073 ‚
1049 2013 1235 2078 semper
1246 2013 1487 2077 loquentis
1503 2012 1781 2062 intercidere
1792 2027 1883 2075 ne-

643 2083 763 2148 quit:
805 2081 940 2146 Lege
952 2078 1442 2146 obligaturhegatus,
1475 2080 1566 2128 hos
1577 2080 1805 2129 abeuntes
1822 2080 1884 2128 li·-

651 2150 827 2200 berare.
872 2149 1022 2212 Legis
1034 2147 1321 2212 obligationi
1334 2163 1419 2195 cur
1430 2147 1457 2195 s
1450 2162 1560 2196 uam
1572 2146 1710 2196 addet
1723 2146 1884 2212 Lega-

651 2216 759 2266 tus?
791 2216 902 2266 Lex
932 2216 1111 2265 claram
1140 2213 1326 2280 semper
1365 2213 1543 2263 emittit
1571 2222 1744 2263 v'ocem
1773 2245 1792 2272 ,
1827 2214 1883 2262 &-

454 2284 477 2322 d
500 2284 591 2320 Dar.
605 2286 639 2318 d·
649 2283 815 2334 frustra
830 2284 975 2349 igitur
989 2282 1077 2331 alia
1090 2280 1377 2330 desideratur
1405 2281 1639 2346 probatio,
1697 2279 1718 2315 d
1733 2279 1797 2330 Et
1819 2279 1884 2329 fic

452 2334 631 2422 &legam
644 2351 793 2414 igitur
805 2350 873 2401 est
888 2349 1107 2399 doctrina
1123 2347 1302 2399 Bartoli
1324 2348 1379 2397 &
1393 2349 1695 2397 communis:
1726 2346 1861 2413 quod
1874 2380 1889 2400 2

511 2412 521 2424 ⁸
646 2418 730 2465 ubi
754 2434 856 2468 non
883 2416 937 2466 fit
962 2417 1169 2466 dubium
1201 2414 1335 2480 quod
1366 2415 1515 2464 aderit
1537 2414 1786 2480 probado,
1812 2414 1882 2462 ibi

452 2503 474 2528 e
500 2491 620 2527 emar.
651 2501 741 2534 nec
754 2486 850 2550 peti
866 2483 1243 2533 instrumentum
1257 2481 1407 2546 possir.
1472 2480 1491 2505 ε
1508 2480 1794 2532 Potestante
1805 2481 1882 2546 agi

459 2535 708 2601 ¹³v⁴⁷·¹8·ad
725 2552 1098 2600 declarationem
1109 2550 1226 2612 juris
1252 2565 1262 2597 t
1299 2560 1351 2597 ut
1362 2547 1884 2613 advenientetempore

445 2590 492 2639 ῥ’
651 2618 943 2667 admittatur.
973 2615 1068 2666 Sed
1084 2631 1185 2665 non
1197 2614 1279 2665 hic
1291 2614 1510 2681 opusista
1532 2613 1883 2664 deelaratione:

650 2685 737 2733 ubi
759 2685 835 2733 lex
857 2684 983 2734 clara
1006 2684 1060 2732 &
1085 2682 1261 2747 Legati
1283 2697 1382 2731 vox
1403 2681 1663 2731 clariffima.
1712 2680 1794 2745 *Et
1820 2695 1881 2731 ex

653 2751 727 2800 his
755 2752 911 2817 agitur
933 2750 1229 2801 contrarium
1258 2764 1347 2813 pro
1376 2747 1566 2813 Legato
1588 2746 1700 2797 dico
1725 2746 1774 2796 in
1791 2762 1879 2810 *ca-

647 2817 698 2866 su
722 2818 872 2867 altero
892 2848 911 2875 ,
953 2832 1068 2867 cum
1103 2815 1318 2879 Legatus
1350 2817 1469 2880 petit
1500 2813 1879 2864 instrumentum

646 2884 927 2951 emptionis.
990 2883 1153 2935 Moris
1176 2882 1273 2933 hoc
1295 2881 1378 2935 est.
1421 2881 1489 2933 Et
1512 2880 1698 2948 semper
1720 2880 1883 2929 incer-

1778 2958 1884 2997 tum
