2396 3587
644 426 714 490 48
873 424 1222 478 Ammine:
1254 420 1612 478 GEwaus

525 569 528 571 ,
640 511 774 560 enim
799 511 827 559 ὲ
848 511 1030 561 caeteris
1064 508 1202 559 rebus
1247 508 1328 558 hic
1361 510 1581 574 pecuniae
1623 504 1872 559 differunt-

439 562 722 663 ξέξῇζξξζθυῑ
745 579 938 642 egregie
969 575 1173 624 declarat
1212 574 1510 625 Menochius
1544 576 1598 625 in
1621 573 1868 640 responsis,

440 663 617 712 n-30.62.
641 643 706 693 Et
748 644 878 694 idem
909 641 1132 699 Doctor,
1168 640 1299 705 quod
1337 640 1370 690 fi
1397 641 1595 699 oleum,
1630 643 1867 702 triticum,

438 723 576 764 4473·
638 712 858 775 pecuniae
875 742 893 769 ‚
918 710 1023 758 aliae
1039 725 1138 762 res,
1166 707 1251 756 usu
1282 707 1701 773 consumptibiles‚
1733 708 1787 757 ὃς
1811 724 1869 757 u-

634 776 687 826 su
712 776 1010 842 consumptae
1027 774 1116 823 fint
1139 775 1166 823 ὲ
1181 774 1487 834 foeneratore,
1500 791 1591 841 pro
1605 773 1755 824 usuris
1779 789 1862 825 ex-

638 854 799 896 tortae,
814 843 866 892 fit
878 841 1074 906 quidem
1091 840 1373 891 translatum
1389 857 1555 890 earum
1571 840 1868 892 dominium:

636 922 848 959 attamen
874 924 987 958 cum
1012 908 1274 956 foenerator
1308 923 1412 957 non
1438 906 1493 956 fit
1521 905 1780 963 solvendo,
1811 923 1868 958 a·

640 976 742 1025 &io
769 975 821 1025 fit
852 977 903 1024 in
920 973 1176 1023 subsidium
1194 988 1283 1038 pro
1296 974 1592 1024 restitutione
1605 975 1866 1024 usurarum.

638 1041 718 1092 Ut
742 1041 870 1090 idem
896 1042 950 1090 fit
980 1042 1030 1089 in
1065 1040 1232 1099 furtis,
1269 1039 1321 1089 δε
1344 1039 1544 1089 furibus.
1577 1044 1689 1107 quia
1723 1041 1865 1093 usura

635 1111 952 1176 aequiparetur
988 1108 1132 1156 furto.
1177 1118 1235 1156 ut
1268 1105 1394 1175 apud
1430 1107 1640 1157 cundem
1667 1109 1749 1158 est.
1798 1109 1868 1159 Et

635 1175 697 1224 de
723 1192 784 1224 eo
817 1175 974 1224 adhuc
998 1175 1108 1224 dico
1140 1189 1324 1234 unum³
1357 1175 1487 1239 quod
1515 1176 1567 1223 &
1600 1176 1682 1225 hic
1711 1174 1866 1227 valeat

635 1242 784 1293 valde.
842 1241 947 1290 Lex
977 1241 1163 1306 (inquit
1189 1241 1299 1307 ille)
1337 1241 1592 1307 prohibet,
1625 1254 1866 1307 quantum

633 1309 819 1374 potest,
857 1307 1077 1358 fraudem
1105 1307 1188 1356 fibi
1213 1307 1329 1357 fieri.
1369 1307 1464 1358 Sed
1488 1308 1866 1362 fiadmitteretur

634 1375 800 1425 crediti
838 1374 1113 1425 foeneratitii
1152 1374 1393 1426 transsatio
1430 1376 1482 1424 in
1516 1376 1661 1425 alium
1676 1406 1699 1435 ,γ
1729 1376 1865 1428 fieret

635 1442 768 1492 fraus
792 1444 902 1506 legi.
935 1458 1051 1491 nam
1077 1442 1215 1492 facile
1252 1441 1366 1492 esset
1393 1442 1698 1503 foeneratori,
1733 1460 1867 1495 rece·-

634 1522 764 1573 ptam
779 1509 1285 1574 apochamadebitore
1318 1509 1673 1570 constituente,
1701 1509 1748 1560 se
1777 1511 1866 1561 de·

639 1576 752 1626 bere
781 1590 976 1626 centum
1006 1592 1093 1642 pro
1131 1576 1312 1634 usuris,
1345 1577 1593 1628 transferre
1617 1578 1668 1626 in
1681 1578 1860 1628 alium:

633 1658 774 1708 atque
803 1644 867 1693 ita
884 1642 1040 1693 usuras
1054 1641 1448 1709 perindirestum
1482 1645 1680 1709 exigere.
1720 1643 1860 1695 Idem

634 1726 724 1760 nos
738 1710 918 1775 prorsus
934 1746 944 1766 ,
979 1710 1111 1776 quod
1137 1710 1276 1760 facile
1299 1709 1412 1762 esset
1438 1712 1597 1776 piratis
1611 1711 1864 1763 transferre

636 1778 689 1826 in
702 1778 877 1836 alium,
908 1778 1301 1844 quem&secum
1329 1778 1563 1838 habeant,
1595 1791 1755 1843 captas
1784 1792 1863 1828 res

635 1857 719 1908 per
731 1846 989 1909 piraticam.
1023 1856 1077 1895 ut
1100 1845 1229 1894 hunc
1255 1845 1498 1895 habebant
1520 1846 1683 1910 piratae
1711 1844 1863 1896 nostri

636 1909 812 1961 secum.
853 1910 932 1961 Sic
960 1912 1015 1961 &
1038 1911 1155 1976 fingi
1179 1911 1364 1978 poffet,
1398 1911 1563 1962 datum
1592 1912 1705 1962 huic
1731 1912 1759 1961 ὲ
1784 1913 1861 1977 pi-

440 1976 462 2018 f
468 1980 492 2017 1.
508 1979 568 2019 bl·
585 1992 621 2029 4·
638 1980 744 2028 ratis
756 2011 770 2037 ,
807 1979 937 2044 quod
950 1978 1035 2044 ipfi
1050 1981 1250 2028 retinere
1266 1994 1366 2028 non
1382 1978 1653 2045 potuissent.
1687 1978 1707 2015 f
1714 1978 1773 2029 N
1777 1994 1857 2028 am

436 2030 584 2118 ἴξωζζῇ
620 2058 691 2101 ,ιιι
715 2045 864 2095 iidem
890 2044 1065 2095 dediffe
1090 2045 1368 2095 viderentur
1395 2048 1625 2111 turpiter,
1657 2061 1760 2095 non
1787 2059 1861 2094 ta-

433 2104 490 2167 u:
579 2089 616 2131 θ’
636 2129 753 2161 men
774 2112 860 2162 iste
882 2111 1111 2177 accepisse
1132 2114 1331 2176 turpiter
1341 2112 1604 2163 videretur:
1640 2113 1724 2178 qui
1735 2129 1861 2177 prae-

633 2179 841 2244 dariipse
852 2181 1092 2244 potuerit,
1121 2179 1269 2229 hostis
1285 2178 1611 2245 spoliatorum.
1648 2181 1718 2229 At
1733 2194 1862 2244 quo-

637 2262 733 2312 que
760 2249 810 2296 in
836 2248 965 2296 hunc
987 2245 1105 2296 illud
1133 2261 1338 2305 move0‚
1375 2246 1509 2311 quod
1536 2246 1698 2312 &ipse
1711 2245 1765 2295 fit
1780 2246 1862 2296 hic

630 2315 780 2380 pirata
791 2330 874 2380 per
897 2311 1128 2364 Edicitum
1142 2313 1296 2379 Regis
1309 2312 1464 2368 nostri
1487 2330 1498 2362 :
1531 2316 1583 2362 in
1606 2329 1706 2378 quo
1725 2313 1862 2378 judi-

631 2392 768 2430 catur
793 2381 931 2430 navis
960 2381 1181 2445 piratica,
1211 2397 1320 2447 quae
1363 2381 1519 2445 plures
1546 2380 1720 2430 habeat
1748 2379 1861 2429 An-

630 2447 763 2512 glos‚
795 2463 941 2514 quam
961 2460 1196 2498 externos.
1243 2447 1308 2497 Et
1328 2463 1384 2496 ea
1411 2447 1518 2498 haec
1544 2447 1644 2504 est,
1677 2446 1739 2502 de
1766 2461 1863 2511 qua.

527 2568 529 2570 ,
630 2515 803 2579 agitur.
845 2514 997 2583 Qod
1020 2513 1054 2562 fi
1078 2515 1214 2564 navis
1237 2515 1458 2580 piratica:
1492 2514 1625 2581 Ergo
1651 2508 1830 2562 ornnes'
1844 2545 1863 2572 ‚

431 2566 731 2668 ssssgldssbftillic
757 2596 985 2644 navantes
1020 2597 1249 2646 operam,
1281 2582 1475 2645 piratae,
1510 2581 1564 2630 &
1599 2578 1685 2629 iste
1717 2580 1861 2644 igitur

432 2632 620 2708 Ξξενξζᾎζ
636 2648 795 2712 pirata.
859 2645 882 2685 g
901 2647 1097 2697 Scilicet
1122 2678 1140 2706 ‚
1171 2647 1304 2713 quod
1342 2646 1404 2695 de
1429 2649 1543 2696 navi
1569 2645 1775 2706 dicitur,
1810 2645 1861 2695 id

433 2717 619 2767 ⁸9·devffi
635 2714 695 2764 de
722 2714 877 2765 nautis
890 2712 959 2764 est
970 2714 1321 2779 accipiendum.
1389 2714 1414 2749 ¹¹
1443 2714 1601 2763 Navis
1613 2728 1670 2762 ex
1682 2712 1728 2761 se
1745 2712 1854 2761 nul-

427 2769 585 2818 proconss
632 2781 914 2846 launquam
956 2781 1187 2845 cuiquam
1221 2781 1418 2829 nocuit:
1452 2792 1506 2829 ut
1527 2780 1719 2829 dicebat
1749 2778 1861 2828 Au-

435 2820 572 2916 {bffgj
633 2848 810 2916 gustus.
855 2847 973 2900 Nec
999 2846 1060 2900 de
1087 2846 1197 2899 solis
1223 2846 1400 2915 Anglis
1421 2848 1572 2915 accipi
1599 2845 1861 2899 habetedi-

1711 2908 1858 2962 ‘Cium
