2396 3587
634 460 702 524 98
872 458 1605 510 ALBER1c1GENT1L18

641 543 792 592 civilis
813 541 930 607 juris
955 575 970 602 ‚
1005 541 1134 591 idem
1159 541 1211 590 &
1235 539 1522 603 intelligetur
1548 535 1817 602 judicatum
1843 533 1873 582 ὲ.

642 611 802 675 peritis
822 612 938 674 juris
963 608 1260 658 communis.
1324 605 1480 654 Eccur
1507 605 1652 669 igitur
1675 603 1724 651 hi
1749 617 1872 651 con-

641 690 909 734 vocentur,
942 676 1199 739 fatigentur
1213 672 1404 723 frustra‚
1436 670 1511 719 vel
1527 687 1639 720 cum
1657 668 1872 735 periculo

637 744 828 805 potius,
864 756 915 791 ut
939 743 1063 790 bene
1086 742 1176 789 lata
1200 739 1430 788 sententia
1456 737 1756 787 convellatur
1791 751 1876 800 per

643 807 894 857 discordias
911 840 925 865 ‚
959 820 1039 855 aut
1068 809 1191 856 male
1218 808 1312 855 lata
1337 805 1481 853 etiam
1508 819 1591 870 per
1615 801 1873 853 discordias

438 861 591 948 7¹¹‚1‘s2'‘
644 883 744 922 non
771 873 1066 924 emendetur.
1118 874 1139 896 ¹¹
1152 872 1336 922 Frustra
1359 871 1411 919 fit
1436 887 1519 936 per
1541 870 1704 936 plura,
1737 867 1872 936 quod

441 924 577 1005 off’eif
641 940 1004 1004 potestfieriper
1019 940 1256 1006 pauciora.
1322 935 1456 986 Male
1471 937 1523 985 fit
1539 953 1623 1001 per
1635 936 1875 994 difficilia,

441 1007 771 1071 qumana-quod
797 1008 951 1071 potest
965 1006 1064 1055 fieri
1081 1022 1161 1071 per
1175 1005 1345 1055 facilia.
1394 1003 1523 1071 Qae
1545 1005 1705 1068 itaque
1726 1003 1876 1069 aperit

431 1059 563 1107 ³¹³⁷¹sd·
637 1075 760 1122 ratio
773 1076 898 1123 viam
913 1074 982 1121 his
998 1070 1339 1123 discordiarum
1353 1072 1756 1128 incommodis‚ea
1771 1085 1874 1121 non

641 1140 944 1189 estineunda.
978 1140 1256 1204 Atjungere
1290 1136 1583 1188 Professores
1603 1137 1875 1200 horumJ'u-

639 1208 766 1255 rium
785 1224 916 1256 nunc
931 1206 998 1255 est
1013 1207 1133 1257 ratio
1146 1240 1160 1265 ‚
1177 1223 1286 1271 quae
1307 1207 1437 1254 viam
1452 1206 1597 1268 aperit
1610 1205 1680 1253 his
1693 1202 1872 1255 discor-

639 1272 823 1322 diarum
840 1274 1183 1323 incommodis,
1253 1273 1384 1338 Ergo
1403 1273 1520 1321 ratio
1542 1271 1647 1321 haec
1673 1287 1774 1321 non
1802 1271 1871 1321 est

639 1340 866 1389 ineunda.
935 1340 1059 1389 Non
1076 1356 1157 1404 per
1176 1339 1327 1389 sectas
1341 1341 1438 1388 illas
1453 1353 1671 1388 veterum
1686 1339 1871 1393 nostro-

642 1423 780 1465 rum,
816 1407 1214 1456 Proculianoi·um
1231 1437 1246 1464 ‚
1281 1405 1715 1455 &Sabinianorum
1732 1438 1748 1466 ‚
1787 1421 1872 1471 per

441 1501 469 1527 o
497 1490 580 1526 Hoc.
642 1490 758 1539 quas
784 1488 939 1523 totum
958 1490 1080 1538 pene
1098 1475 1176 1536 jus
1192 1475 1528 1522 conturbatum
1557 1473 1724 1532 fuisse,
1757 1472 1872 1522 ⁰di·

443 1540 621 1577 antrib„
644 1541 708 1590 cit
725 1540 1022 1604 Justinianus
1050 1541 1238 1600 noster,
1273 1553 1403 1590 tanta
1430 1541 1589 1605 potuit
1616 1538 1873 1606 exspeC‘tari

642 1607 874 1658 discordia
893 1639 908 1664 ‚
933 1620 1108 1673 quanta
1132 1623 1215 1673 per
1237 1607 1342 1656 istas
1370 1609 1584 1657 civilium
1608 1609 1658 1656 in
1691 1607 1874 1669 Anglia

638 1674 795 1740 potest
817 1707 834 1733 2
868 1689 1007 1739 atque
1045 1676 1407 1724 communium.
1471 1673 1663 1724 Scilicet
1700 1674 1874 1724 nostris

637 1743 728 1792 illis
751 1742 860 1790 fons
886 1758 1036 1801 unus,
1072 1744 1124 1792 &
1151 1743 1439 1807 principium
1468 1758 1623 1790 unum
1657 1758 1666 1790 2
1701 1739 1874 1796 nobis,

641 1808 932 1874 &Leguleis
957 1809 1054 1858 istis
1069 1808 1341 1859 alterissunt
1355 1808 1601 1858 diversain
1627 1808 1795 1858 eadem
1821 1824 1872 1857 re

638 1877 902 1940 principia,
936 1890 1075 1941 atque
1089 1877 1338 1926 contraria.
1399 1874 1494 1926 Vae
1510 1875 1872 1941 partibusisthic

637 1943 886 2009 litigaturis
912 1942 996 1990 sub
1014 1943 1256 2007 judicibus
1284 1943 1453 1996 variis,
1485 1942 1570 1991 sub
1590 1944 1777 2007 juribus
1800 1942 1873 1990 di-

640 2008 913 2058 scordibus!
951 2009 1138 2074 Ecquid
1154 2009 1346 2058 tandem
1373 2010 1458 2059 nisi
1477 2009 1779 2075 utexspecJtet
1793 2009 1872 2058 ille

636 2087 810 2125 contra
834 2075 878 2124 se
899 2076 1180 2126 sententiam
1199 2109 1215 2135 ,
1252 2078 1336 2140 qui
1362 2076 1550 2125 abstulit
1577 2078 1628 2126 in
1649 2076 1870 2126 instantia

640 2144 796 2205 prima
842 2143 1153 2193 favorabilem
1187 2144 1207 2192 ?
1254 2145 1332 2192 ille
1367 2143 1608 2210 exspectet
1631 2144 1872 2192 favorabi-

639 2209 738 2257 lem
756 2242 771 2268 ‚
803 2210 887 2273 qui
913 2211 961 2257 in
981 2211 1133 2273 prima
1157 2212 1446 2259 contrariam
1475 2212 1664 2260 retulit?
1701 2211 1763 2259 Et
1792 2211 1872 2260 hic

639 2277 760 2324 mihi
789 2276 895 2324 usus
930 2275 1058 2325 idem
1099 2278 1350 2340 objicietur
1388 2277 1510 2327 solus
1532 2308 1549 2332 ‚
1596 2278 1679 2343 qui
1710 2277 1873 2325 osten-

638 2342 748 2399 dat,
781 2343 1196 2406 quemadmodum
1224 2360 1354 2393 exea
1379 2346 1564 2394 ratione
1587 2347 1870 2393 incommo-

638 2409 757 2457 dum
786 2409 910 2458 istud
936 2426 1034 2458 non
1062 2413 1374 2476 consequatur
1400 2413 1419 2461 ?
1462 2411 1572 2476 Ego
1594 2425 1755 2460 autem
1783 2427 1866 2460 au-

638 2474 767 2523 diam
785 2512 799 2536 ‚
834 2490 976 2540 atque
1000 2477 1172 2525 discam
1191 2511 1206 2536 ,
1246 2477 1276 2525 fi
1293 2491 1488 2541 potero,
1518 2479 1654 2528 istam
1681 2479 1859 2543 praxin-

637 2554 686 2589 at
708 2544 887 2591 interea
911 2558 1254 2608 argumentum
1271 2545 1454 2592 bonum
1475 2547 1629 2595 vincit
1655 2546 1720 2593 ita
1743 2544 1867 2602 esse,

637 2621 691 2655 ut
715 2608 920 2658 diximus
943 2640 958 2662 ‚
990 2609 1050 2658 de
1081 2609 1402 2659 incommodo
1429 2625 1573 2662 certo.
1637 2610 1865 2661 Tertium

636 2675 1105 2740 eritargumentum,
1139 2678 1270 2740 quod
1299 2679 1479 2741 necjus
1506 2677 1704 2743 Angliae
1732 2694 1866 2727 com·

632 2756 784 2789 mune
807 2755 969 2805 aptum
998 2742 1051 2791 sit
1076 2775 1091 2800 ,
1137 2744 1401 2793 secundum
1435 2745 1565 2809 quod
1602 2746 1867 2809 peregrinis

624 2806 704 2868 jus
752 2808 949 2857 dicatur.
1005 2822 1051 2857 at
1078 2808 1131 2858 sit
1170 2812 1326 2876 aptius
1358 2813 1435 2875 jus
1477 2811 1671 2877 Angliae
1708 2813 1862 2862 civile.

627 2871 763 2940 Qid
788 2876 921 2925 enim
960 2876 1016 2928 ad
1040 2877 1117 2942 jus
1150 2878 1349 2945 Angliae
1385 2893 1654 2931 commune
1681 2879 1741 2930 de
1767 2879 1862 2936 his,

1770 2946 1857 3014 qui
