2396 3587
699 490 859 543 AD
949 477 1566 551 EUNDEM.

427 645 585 773 H
598 637 816 691 Umano
827 632 1004 711 generi
1019 632 1104 689 sua
1120 631 1232 709 post
1244 654 1446 712 quoque
1460 636 1640 696 funera
1653 641 1855 716 prodest

857 714 961 767 Vir
976 714 1142 768 bonus
1161 718 1212 768 &
1226 713 1435 789 sapiens,

426 793 686 868 Exemplo
717 809 834 848 tuus
870 790 970 854 est,
1000 788 1290 845 Clariffime
1320 790 1400 848 Sc
1428 814 1447 848 1
1470 815 1502 850 p
1525 814 1546 852 1
1569 818 1602 853 0
1621 838 1637 862 ,
1665 798 1858 867 frater,

859 868 1128 925 Laudibus
1150 868 1239 923 ille
1257 870 1382 925 meis

424 947 608 1024 Major
623 987 641 1015 ,
685 953 736 1007 &
752 948 806 1004 in
829 964 941 1004 toto
956 946 1150 1003 meritis
1166 947 1527 1006 celeberrimus
1544 952 1689 1010 orbe.

858 1029 1011 1099 Qos
1026 1024 1169 1081 dedit
1190 1025 1279 1081 ille
1296 1027 1457 1083 libros

427 1107 581 1162 Dum
597 1101 734 1159 vixit
751 1147 769 1172 ‚
797 1105 965 1160 decies
984 1110 1036 1160 ὃ(
1054 1102 1324 1178 castigavit
1341 1109 1400 1162 ad
1419 1125 1648 1182 unguem
1666 1146 1682 1175 ,

858 1183 975 1236 Hos
993 1182 1177 1257 probat
1195 1182 1302 1259 ipsa
1326 1184 1577 1241 Themis,

429 1261 544 1340 Ipsa
558 1260 784 1317 Themis
798 1262 985 1336 probat
1009 1260 1103 1315 hos
1120 1264 1271 1316 etiam
1290 1302 1306 1328 ,
1321 1284 1451 1338 quos
1470 1281 1634 1320 morte
1648 1280 1860 1322 vetante

860 1339 1027 1394 Edere
1055 1359 1162 1395 non
1188 1342 1381 1416 potuit.

430 1417 823 1491 Posthumajam
841 1417 893 1472 in
912 1417 1078 1474 lucem
1095 1419 1326 1496 proferre
1342 1419 1860 1488 volumina,mentem

858 1496 1007 1551 Cura
1034 1514 1175 1552 tuam
1206 1498 1494 1556 extimulet.

431 1575 579 1631 Hinc
600 1616 616 1639 ‚
650 1573 797 1631 velut
814 1574 985 1630 autori
999 1573 1217 1632 debetur
1231 1578 1394 1652 gratia
1412 1577 1600 1648 fratri,

865 1652 955 1706 Te
971 1673 1175 1729 quoque
1196 1675 1380 1731 magna
1398 1678 1593 1717 manet.

430 1734 692 1789 Fraternae
707 1731 807 1787 hoc
823 1729 1081 1808 specimen
1100 1731 1219 1788 fidei
1234 1735 1538 1809 praeclarum
1557 1745 1610 1796 ὃς
1626 1742 1812 1799 amoris

866 1809 1052 1866 Secula
1085 1808 1190 1868 sera
1221 1833 1404 1872 canent
1419 1840 1434 1871 :

437 1885 776 1963 Gentilesque
793 1889 950 1945 vehet
969 1888 1086 1945 coeli
1106 1891 1242 1945 inter
1257 1889 1438 1966 sydera
1451 1896 1630 1954 fratres

872 1967 1058 2023 Gloria
1075 1987 1239 2027 morte
1253 1989 1447 2028 carens.

978 2128 1210 2184 cunradus
1228 2130 1545 2205 Rittershufius
1563 2142 1602 2190 1.
1620 2147 1673 2192 C.
1681 2134 1732 2208 f.

1560 2722 1845 2780 INDEX
