2396 3587
879 512 1750 589 EPISTOLA‘

648 640 1106 729 trociniumque
1149 639 1467 724 reciperet.
1527 641 1703 727 quod
1747 663 1885 710 cum

643 745 723 810 ab
755 746 868 811 illo
904 744 1343 834 impetravisset
1369 745 1709 815 adcedente
1740 772 1887 838 prae-

641 847 848 917 sertim
874 854 1167 921 consensu
1184 875 1372 941 atque
1393 852 1679 938 permissu
1693 857 1892 947 Regis

643 978 879 1044 magnae
904 961 1232 1026 Britanniae
1254 1007 1277 1040 ,
1321 962 1491 1045 cujus
1529 960 1591 1022 in
1619 961 1883 1046 imperio

644 1062 833 1129 frater
863 1086 990 1132 erat
1014 1113 1036 1143 ‚
1079 1091 1205 1133 non
1241 1069 1579 1134 mediocres
1605 1069 1893 1135 utilitates

649 1167 710 1232 se
746 1169 1100 1238 hominibus
1154 1177 1351 1264 gentis
1391 1173 1600 1239 vestrae
1628 1218 1651 1249 ,
1693 1172 1893 1244 fratris

647 1282 770 1344 mei
797 1303 1016 1366 opera,
1044 1281 1341 1359 attulisse,
1367 1302 1478 1344 nec
1503 1279 1563 1345 se
1586 1273 1771 1347 animi
1796 1288 1891 1370 ju-

648 1384 958 1475 dictique,
984 1392 1158 1478 quod
1186 1393 1264 1455 de
1293 1393 1419 1476 ejus
1437 1386 1791 1476 diligentia,
1814 1389 1892 1455 fi-

650 1501 766 1574 de,
796 1500 1142 1587 integritate
1174 1497 1602 1584 praestantique
1614 1496 1892 1565 do&rina

653 1624 1053 1690 conceperat,
1081 1630 1144 1670 re
1169 1605 1298 1690 ipsa
1325 1604 1652 1691 cognovit,
1675 1627 1892 1691 exper-

650 1714 871 1801 tusque
895 1714 997 1779 est.
1044 1713 1415 1781 Triennium
1435 1712 1501 1775 in
1529 1734 1609 1776 eo
1640 1733 1895 1778 munere

650 1824 918 1890 versatus
947 1822 1132 1887 stater
1149 1843 1290 1886 cum
1305 1818 1446 1884 esset
1465 1873 1479 1895 ,
1531 1820 1699 1884 diem
1713 1818 1888 1886 suum

651 1931 843 2005 obiit,
881 1931 1156 1992 maximo
1175 1972 1196 2003 ,
1223 1943 1292 1989 ut
1317 1925 1564 2008 accepi,
1609 1923 1886 1990 Illustris-

651 2035 782 2100 fimi
814 2036 1068 2123 Legati,
1116 2033 1413 2119 quiillum
1430 2029 1662 2096 summe
1677 2033 1890 2122 dilige-

651 2142 758 2208 bat
769 2190 791 2220 ,
814 2152 875 2209 &
893 2143 1167 2206 omnium
1199 2141 1502 2204 bonorum
1516 2139 1746 2205 dolore.
1772 2140 1891 2206 Me

654 2251 911 2339 quidem
940 2270 1081 2313 cum
1107 2249 1211 2314 ille
1235 2245 1402 2313 casus
1429 2246 1605 2333 supra
1631 2248 1889 2312 modum

656 2356 968 2423 afflixiss'et
993 2402 1015 2433 ,
1050 2375 1123 2422 ut
1161 2354 1392 2420 neceffe
1424 2372 1547 2419 erat
1577 2399 1599 2431 ,
1637 2355 1699 2418 in
1725 2370 1888 2420 tanta

654 2464 1242 2541 naturae‚studiorum
1247 2483 1466 2541 ,rerum
1474 2484 1594 2549 que
1610 2463 1888 2526 omnium

653 2571 1114 2657 conjunfflone3
1159 2573 1386 2636 nonita
1416 2590 1618 2637 tamen
1647 2589 1748 2633 me
1773 2569 1886 2633 do·

650 2680 901 2745 mestica
921 2679 1152 2765 jaffiira
1177 2726 1198 2756 ‚
1240 2701 1425 2765 quam
1463 2675 1708 2764 publica
1748 2676 1883 2742 lite-

649 2810 847 2852 rarum
876 2836 898 2865 ,
945 2788 1347 2876 inprimisque
1378 2785 1884 2876 Jurisprudentiae

656 2897 966 2965 calamitas
996 2915 1247 2983 accepta
1288 2898 1502 2966 movit.
1596 2897 1691 2964 Ut
1715 2894 1881 2956 enim

1731 2996 1883 3065 nihil
