2396 3587
641 464 742 513 226
899 461 1254 513 Azanium
1285 457 1655 508 Gen-rurs

639 543 777 595 suam
807 540 1159 607 fidejuffionem
1177 572 1197 601 ,
1229 554 1345 589 cum
1358 537 1560 589 tandem
1572 536 1788 589 decrevit
1808 535 1888 602 ju-

645 610 742 661 dex
765 610 1144 675 appellationem
1165 622 1270 656 non
1293 605 1672 660 admittendam.
1702 604 1819 656 Erat
1833 619 1890 654 e-

647 679 755 728 nim
768 677 984 743 ipsorum
1010 675 1251 740 obligatio
1277 673 1489 739 suspensa
1504 687 1594 739 per
1615 673 1891 739 appellatio-

646 760 764 794 nem
781 775 798 802 ,
834 744 985 809 &per
1000 741 1177 805 judicis
1191 741 1653 807 pronunciationem
1677 739 1741 790 ad
1766 738 1891 789 deli-

646 806 932 860 berandum.
976 809 1041 858 Et
1063 809 1179 857 huic
1207 819 1371 857 tamen
1397 806 1618 874 prospexi
1641 808 1745 858 rei:
1771 818 1891 856 nam

642 877 748 942 juffi
777 909 795 936 ‚
833 874 1127 938 fidejufl'ores
1149 872 1304 924 adeffe
1330 873 1507 939 praesto
1531 905 1549 933 ‚
1590 872 1625 923 fi
1652 887 1895 923 vocaren-

645 956 725 993 tur
749 944 808 992 ad
820 941 1173 1007 fidejuffionem
1199 940 1526 1005 repetendam.
1555 937 1652 990 Sed
1676 953 1894 1003 cum-ap-

643 1008 893 1076 pellaffent
916 1011 946 1059 a
972 1009 1256 1072 receptione
1279 1006 1612 1071 fidejussorum
1631 1039 1645 1060 ‚
1669 1006 1726 1057 δε
1746 1005 1895 1071 judex

643 1076 1022 1141 appellationem
1039 1090 1144 1123 non
1158 1072 1431 1133 admifisset‚
1456 1089 1542 1124 cur
1557 1089 1660 1131 non
1670 1072 1896 1123 ostende·

645 1155 753 1192 rant
766 1141 901 1207 quod
911 1144 928 1206 j
937 1143 1031 1191 uris
1041 1152 1158 1197 erat,
1166 1140 1491 1206 recipiendam
1503 1139 1896 1206 appellationem:

646 1207 776 1258 auca
796 1224 899 1257 non
925 1210 1111 1272 recepta
1143 1205 1163 1268 (
1176 1206 1270 1256 hoc
1281 1206 1584 1265 faciendum,
1601 1217 1683 1256 aut
1694 1205 1896 1271 defino)

644 1291 750 1324 non
762 1274 1073 1341 appellarunt.
1103 1272 1231 1321 Non
1246 1271 1677 1338 possuntexcusari.
1712 1274 1793 1339 Ap
1830 1272 1897 1323 el-

643 1342 764 1390 latio
775 1342 844 1391 est
855 1342 916 1391 ab
930 1338 1209 1390 admlffione
1220 1338 1317 1388 fide
1317 1339 1792 1402 jussorum2testium,
1850 1355 1895 1392 c.

645 1405 782 1457 Meis
795 1404 1044 1457 contrariis
1056 1405 1325 1456 rationibus
1341 1405 1527 1456 duabus
1541 1418 1808 1472 potuerunt
1819 1422 1899 1457 re-

645 1474 882 1539 spondere
894 1473 1054 1524 adhuc
1065 1470 1321 1536 dupliciter
1336 1486 1352 1521 .·
1377 1472 1432 1522 &
1445 1473 1579 1537 quod
1592 1487 1697 1523 non
1712 1471 1828 1523 effer:
1839 1488 1899 1523 ea.

560 1554 576 1574 0
644 1541 861 1606 receptio
876 1541 1056 1590 arbitrii
1063 1538 1082 1601 j
1088 1539 1262 1600 udicis;
1277 1539 1329 1589 &
1341 1540 1473 1604 quod
1485 1540 1632 1590 etiam
1646 1540 1699 1589 in
1714 1539 1806 1589 illis
1819 1555 1900 1590 ar-

644 1607 849 1657 bitrariis
867 1607 1197 1672 appellaretur.
1230 1605 1511 1656 Admiratus
1527 1606 1634 1656 sum
1646 1606 1801 1656 multa
1816 1605 1898 1657 5&

645 1675 782 1740 quod
806 1675 1050 1740 longiores
1077 1672 1221 1722 nobis
1258 1669 1484 1723 facessere
1523 1672 1607 1737 (id
1632 1673 1896 1738 cupiebant

646 1742 838 1807 unum)
873 1739 1116 1790 molestias
1128 1755 1232 1789 non
1245 1740 1513 1790 valuerunt.
1545 1739 1757 1805 thuod
1770 1739 1887 1791 scri-

645 1810 741 1872 ptis
756 1808 876 1857 meis
905 1806 1229 1873 (potuiffent)
1266 1806 1439 1873 scripta
1451 1823 1554 1857 non
1567 1806 1892 1873 opposuerint.

643 1874 711 1925 Et
734 1874 867 1940 quod
883 1883 1007 1939 (uno
1021 1874 1193 1936 verbo)
1206 1875 1376 1924 omnia
1387 1876 1575 1940 egerint
1591 1874 1695 1924 alia.
1727 1874 1892 1926 Etiam

645 1942 930 2006 injuriarum
944 1941 1192 1992 actionem
1208 1952 1388 1991 certam
1402 1973 1421 2000 ,
1454 1942 1510 1992 &
1523 1939 1758 2007 grandem
1771 1942 1824 1991 in
1841 1941 1889 1992 se

646 2021 980 2073 provocarunt
1012 2025 1023 2058 :
1060 2009 1368 2059 certiffimam
1384 2009 1724 2068 nuncexhoc,
1756 2007 1894 2074 quod

647 2075 1002 2126 succubuerunt
1014 2107 1031 2134 ‚
1064 2074 1361 2125 &siluerunt
1373 2075 1524 2125 inista
1534 2073 1856 2139 appellatione
1873 2105 1891 2135 ,

444 2134 463 2173 ¹
477 2137 527 2221 [D
540 2139 590 2176 D.
606 2141 632 2177 1.
654 2142 740 2193 lde
758 2158 858 2209 quo
870 2143 1043 2193 frivola
1065 2154 1257 2207 apparet
1271 2143 1524 2208 appellatio
1545 2138 1739 2193 scilicet.
1769 2139 1887 2193 Cae-

439 2191 575 2282 Jussff‘
596 2199 636 2229 ⁷⁶
651 2223 809 2260 terum
833 2225 938 2261 non
961 2222 1009 2259 te
1031 2241 1048 2268 ‚
1083 2209 1310 2259 Domine
1335 2208 1769 2263 Excellentifflme2
1803 2209 1889 2259 de-

649 2290 729 2328 cet
742 2278 848 2327 haec
860 2276 1115 2343 agnoscere
1127 2307 1145 2336 ‚
1177 2292 1289 2342 quae
1305 2291 1398 2326 nec
1409 2289 1456 2326 te
1466 2286 1663 2341 tangere
1673 2275 1790 2341 poff
1783 2289 1891 2337 unt,

647 2345 806 2394 multo
818 2344 1274 2394 altiuscollocatum
1290 2374 1308 2403 ,
1342 2358 1490 2408 quam
1504 2355 1558 2392 ut
1568 2343 1891 2395 humiliorum

645 2411 909 2461 hominum
932 2409 1062 2461 dic'ta
1087 2411 1319 2476 attingere
1343 2409 1401 2460 ad
1423 2422 1471 2461 te
1484 2410 1668 2478 poffint.
1693 2409 1888 2466 vicisti.

646 2477 871 2529 Ulterius
886 2494 949 2528 ne
963 2478 1108 2528 tende
1119 2477 1259 2528 odiis,
1307 2476 1462 2537 Vale,
1499 2478 1554 2527 &
1577 2477 1888 2541 d‘ominoJu-

645 2544 744 2595 dici
767 2546 914 2596 etiam
930 2559 1128 2611 agamus
1150 2544 1342 2610 gratias,
1370 2543 1504 2610 quod
1529 2543 1757 2606 justitiam
1777 2555 1887 2596 tan-

647 2611 764 2662 dem
790 2613 842 2662 &
868 2612 1195 2663 favorabiliter
1217 2611 1566 2664 administravit
1589 2611 1750 2662 nobis.
1780 2611 1889 2660 Au-

452 2678 494 2717 1'11
520 2679 611 2717 Μ’
649 2677 700 2728 di
723 2710 741 2738 ,
774 2678 998 2730 Domine
1020 2677 1347 2730 Illustriffime.
1416 2676 1704 2728 mPotuisset
1728 2675 1890 2741 Judex

447 2727 611 2818 {Zofffs'
651 2746 900 2813 supplere,
933 2762 1041 2810 quae
1057 2745 1317 2796 defuiffent
1334 2745 1613 2796 Advocatis.
1649 2743 1888 2794 Potuiffet

444 2836 507 2875 per
524 2828 609 2877 jud.
649 2814 810 2870 literas
836 2813 1062 2880 quasdam
1091 2844 1108 2872 ‚
1151 2826 1267 2879 quas
1304 2813 1503 2878 protulit
1517 2850 1531 2872 ‚
1565 2812 1718 2878 regias
1754 2809 1888 2877 sequi

411 2879 559 2933 -lnppa
645 2893 817 2936 contra
838 2894 970 2935 nos:
1002 2896 1113 2948 quae
1142 2891 1311 2933 tamen
1344 2878 1586 2949 (mirum)
1616 2877 1883 2998 progcobis²

1775 2958 1865 3007 per
1891 2990 1898 2995 .
