2396 3587
597 461 1554 518 HISPAN.ADVOCAT.L113.II.
1621 481 1715 525 215

826 605 1140 657 CAPUT
1211 605 1383 662 XXI.

622 735 712 788 De
737 725 932 790 eadem
957 744 1022 788 re
1034 769 1056 804 ,
1081 726 1157 788 ad
1184 736 1297 789 Dn.
1317 727 1585 797 Iudicem.

490 884 595 992 D
607 880 680 932 Ixi
695 914 712 942 ‚
727 881 970 930 licentiam
984 879 1192 932 dandam
1207 883 1452 934 vendendi
1463 883 1722 947 saccarum‚

610 948 740 1014 quod
754 949 804 996 in
820 947 898 996 sua
910 949 1113 998 naturali
1139 949 1353 1000 bonitate
1383 968 1485 1000 non
1512 953 1723 1017 servatur

486 1014 609 1065 ultra
620 1016 901 1065 triennium.
934 1014 1163 1082 Qidhic
1175 1032 1373 1083 egemus
1388 1018 1607 1074 testium,
1642 1020 1726 1069 ubi

488 1081 776 1133 sententiam
797 1095 1010 1146 apertam
1026 1083 1258 1133 habemus
1281 1084 1442 1149 legum
1458 1117 1475 1144 ‚
1509 1086 1561 1135 &
1573 1087 1724 1136 inter-

490 1162 681 1216 pretum
706 1150 967 1199 omnium?
1001 1147 1144 1199 Ultra
1171 1152 1429 1200 triennium
1450 1167 1552 1201 non
1569 1151 1725 1203 serva-

488 1229 578 1266 tur.
637 1217 803 1266 Debet
834 1215 966 1281 posse
991 1213 1160 1265 servari
1190 1218 1309 1267 ultra
1332 1219 1592 1268 triennium
1611 1251 1628 1279 ,
1661 1235 1732 1268 ne

488 1281 628 1335 detur
640 1284 781 1332 venia
796 1282 917 1334 haec.
964 1281 1046 1333 Sic
1061 1298 1238 1334 omnes
1255 1286 1388 1346 ajunt
1400 1317 1417 1343 2
1452 1283 1572 1336 ultra
1595 1287 1729 1336 trien-

487 1351 630 1402 nium.
675 1349 850 1415 Usque
863 1350 920 1400 ad
947 1351 1207 1401 triennium
1225 1368 1326 1401 non
1341 1351 1455 1401 effet
1476 1350 1593 1403 satis.
1613 1351 1727 1402 -sed

488 1418 603 1468 audi
631 1416 854 1467 Domine
866 1415 1065 1468 Illustris
1098 1433 1112 1465 .-
1147 1418 1276 1482 quod
1303 1420 1426 1468 ultra
1454 1421 1724 1469 triennium

485 1487 592 1535 {uon
604 1482 812 1535 servatur
828 1514 845 1539 ‚
873 1485 1016 1534 etiam
1031 1483 1136 1549 post
1152 1500 1307 1533 unum
1332 1489 1462 1534 diem
1477 1485 1728 1537 deteriora-

490 1563 597 1607 tur,
630 1552 821 1618 obrepit
840 1552 975 1600 enim
1001 1553 1247 1616 corruptio
1267 1552 1527 1617 paullatim,
1561 1552 1726 1603 Obre-

490 1620 566 1684 pit
586 1618 770 1667 oblivio
819 1618 960 1677 (haec
980 1617 1206 1684 quaedam
1237 1619 1513 1684 corruptio)
1546 1621 1729 1685 paulla-

490 1687 580 1736 tim
608 1700 622 1733 .·
660 1685 713 1735 ὅτ
735 1684 870 1751 quod
890 1684 998 1750 post
1022 1699 1205 1734 anuum
1222 1686 1272 1733 in
1286 1687 1522 1735 memoria
1534 1688 1730 1736 nonin-

490 1753 714 1806 venitur‚
746 1753 890 1801 etiam
904 1751 1010 1816 post
1025 1767 1179 1800 unum
1195 1750 1324 1801 diem
1339 1752 1408 1802 est
1423 1754 1583 1803 minus
1602 1784 1618 1812 ‚
1649 1754 1727 1802 in-

493 1820 604 1886 quit
631 1818 932 1884 Augustinus
957 1817 1119 1869 doffte.
1156 1817 1221 1867 Et
1236 1819 1394 1884 itaque
1418 1818 1727 1869 fitsaccarum

496 1901 637 1936 mora
659 1886 865 1934 deterius
887 1886 1035 1951 inque
1061 1884 1163 1935 dies
1180 1917 1198 1943 ,
1231 1901 1334 1934 non
1350 1884 1505 1935 solum—
1520 1887 1572 1935 in
1588 1901 1731 1936 men-

495 1953 564 2003 ses
594 1984 611 2012 2
663 1952 717 2002 &
750 1966 919 2001 annos.
985 1952 1050 2002 Et
1086 1950 1242 2001 danda
1264 1953 1415 2016 igitur
1438 1954 1578 2002 venia
1603 1952 1727 2003 haec.

495 2020 613 2071 Nec
636 2017 695 2068 de
719 2018 870 2068 modo
893 2018 1136 2068 vendendi
1151 2018 1472 2068 laborandum
1488 2019 1556 2069 est
1570 2020 1731 2081 anxie,

497 2099 580 2137 aut
604 2084 827 2151 praecise,
860 2083 893 2134 ii
914 2084 1046 2135 idem
1069 2083 1274 2137 effeetus
1301 2085 1486 2151 semper
1509 2085 1735 2144 habetur,

498 2166 553 2203 ut
566 2153 801 2202 vendatur
815 2153 982 2217 quanti
1000 2152 1208 2217 plurimi.
1275 2151 1556 2202 AEstimatio
1568 2152 1733 2203 osten·

497 2220 570 2270 dit
606 2218 787 2282 justum
823 2219 1033 2284 pretium
1077 2219 1187 2268 hoc.
1253 2219 1327 2270 Ea
1361 2235 1446 2286 per
1476 2219 1735 2283 Judicem‚

502 2304 588 2354 per
607 2287 816 2355 peritOS,
852 2301 938 2351 per
953 2284 1361 2335 subhastationem
1389 2284 1458 2335 est
1492 2299 1503 2332 z
1535 2302 1636 2335 non
1651 2302 1737 2352 per

502 2354 652 2403 solam
674 2351 1077 2402 subhastationem
1095 2385 1112 2411 ,
1146 2368 1289 2418 quarn
1312 2368 1416 2418 pars
1429 2350 1618 2403 adversa
1630 2353 1739 2403 vel-

502 2422 565 2471 let
588 2421 667 2470 hic
693 2420 857 2468 solam.
889 2417 987 2467 Sed
1012 2419 1257 2469 Docstores
1282 2432 1453 2469 notant
1476 2418 1738 2485 similigra-

504 2488 569 2538 du
584 2488 637 2537 &
652 2485 825 2535 modos
846 2485 978 2535 alios.
1017 2485 1134 2536 Nec
1151 2483 1441 2535 subhastatio
1462 2499 1590 2536 caret
1612 2487 1737 2552 apud

504 2553 698 2604 eosdem
725 2553 1008 2617 interpretes
1034 2551 1125 2602 suis
1150 2554 1369 2618 periculis
1394 2569 1448 2602 ac
1475 2551 1730 2602 fraudibus.

504 2620 925 2671 Subhastationem
950 2618 1128 2684 refugit
1154 2619 1359 2685 Legatus
1382 2632 1574 2685 propter
1588 2619 1739 2677 suam,

507 2689 563 2738 &
597 2688 915 2737 dominorum
952 2686 1124 2737 saccari
1160 2687 1482 2753 ignominiam
1524 2687 1741 2735 nonnul-

508 2756 606 2805 lam
642 2771 652 2803 :
689 2770 799 2819 quae
828 2752 951 2802 trahi
978 2753 1169 2802 videtur
1196 2770 1279 2816 per
1301 2753 1700 2802 subhastationem
1716 2784 1735 2810 2

508 2824 566 2874 &
592 2836 765 2871 vocem
791 2820 1040 2885 praeconis.
1103 2819 1231 2886 Qis
1252 2819 1330 2870 sua
1354 2818 1418 2868 fic
1454 2817 1620 2867 vendit
1643 2818 1738 2866 ho-

509 2888 673 2943 nestus
697 2887 751 2941 &
774 2887 1040 2948 honoratus
1065 2887 1087 2937 ἓ
1130 2887 1310 3005 τὸῑυςὶῑ
1331 2884 1739 3001 subhastatilonem

1092 3001 1094 3003 ,
1218 2968 1254 3018 4
1623 2965 1737 3017 ega·-
