2396 3587
632 450 727 499 216
877 452 1643 506 ALBER1ctGENT1L18

631 527 843 596 Legatus
876 550 890 582 .·
923 537 1272 602 quipetit2s1bi
1285 539 1476 588 veniam
1490 538 1589 588 dari
1602 535 1860 597 vendendi,

630 600 1274 665 nonimponineceffitatem
1309 620 1319 652 τ
1355 621 1457 653 non
1475 605 1520 654 se
1554 608 1865 672 praecipitan-

631 659 752 711 dum
769 667 898 716 illico
915 669 1149 729 vendere,
1174 685 1255 719 aut
1267 670 1466 719 subinde
1483 671 1538 720 ad
1555 674 1867 722 subhastatio-

631 743 747 778 nem
778 750 1029 786 recurrere.
1063 736 1184 785 Vult
1207 737 1413 786 vendere
1428 753 1514 801 pro
1538 737 1868 805 sumptibusin

631 810 704 844 res
718 798 840 861 ipsas
858 802 1125 853 necessariis
1141 834 1158 861 2
1191 819 1280 866 pro
1293 803 1605 867 vectigalibus
1621 837 1638 864 ,
1671 821 1759 871 pro
1771 807 1870 855 aliis

632 865 780 915 varie.
814 866 1024 933 Refugit
1036 885 1170 918 nunc
1184 870 1615 920 subhastationem:
1641 874 1869 938 quianon

632 930 842 981 vultnec
862 947 997 998 putat
1018 935 1201 999 justum
1218 967 1236 994 ,
1273 933 1320 984 se
1344 936 1548 986 abstrahi
1574 939 1633 987 ab
1659 939 1872 988 aestirna-

633 995 769 1044 tione
786 998 884 1057 jam
910 1001 1046 1050 facta.
1083 1001 1180 1051 Pro
1208 1002 1524 1052 aestimatione
1539 1015 1731 1056 tenetur
1754 1005 1872 1071 parti

633 1059 858 1114 adversae.
891 1066 1086 1117 Mutare
1098 1084 1201 1117 non
1213 1070 1417 1133 cogitur.
1451 1070 1533 1119 Ad
1545 1072 1770 1122 dominos
1782 1089 1864 1122 ve·

634 1143 744 1181 ros,
775 1132 859 1195 qui
886 1132 1025 1193 sunt,
1060 1134 1258 1199 &quod
1271 1138 1469 1195 attinet,
1493 1139 1598 1203 quis
1615 1139 1712 1189 huc
1733 1141 1873 1204 inge-

637 1195 765 1244 ratse
781 1200 943 1249 tertius
955 1200 1015 1249 de
1035 1203 1145 1264 jure
1166 1202 1325 1252 tertii?
1359 1202 1482 1253 Satis
1507 1203 1567 1253 ad
1589 1207 1771 1271 pa'rtem
1787 1206 1872 1256 ad-

635 1261 819 1311 versam
833 1256 1222 1332 liberas'Legatus
1234 1269 1385 1319 habet
1410 1268 1565 1325 aedes,
1596 1284 1650 1321 ut
1672 1288 1873 1337 prover-

636 1326 761 1378 biale
782 1347 977 1382 carmen
992 1333 1128 1383 estin
1145 1334 1437 1401 jurisperitis-
1483 1338 1632 1388 Addo
1659 1356 1781 1405 ego,
1815 1354 1876 1390 ex

636 1404 803 1449 ,tamen
819 1398 1251 1463 superabundanti,
1287 1403 1419 1468 quod
1435 1403 1609 1471 Legati
1623 1407 1845 1456 autoritas
1859 1437 1878 1461 ‚

638 1475 750 1524 quae
774 1465 844 1514 est
857 1465 1094 1532 Principis
1116 1467 1185 1517 sui
1209 1472 1434 1520 autoritas
1463 1503 1480 1529 2
1513 1473 1727 1522 extendit
1751 1472 1797 1522 se
1820 1474 1876 1523 δε

639 1530 700 1578 ad
741 1530 850 1581 istas
887 1534 1064 1584 caussas
1088 1536 1382 1600 privatorum
1420 1553 1429 1585 :
1464 1537 1498 1586 si
1519 1538 1753 1605 Principis
1779 1541 1876 1607 ho,-

638 1610 751 1645 rum
778 1597 1006 1652 autoritas
1031 1602 1127 1651 huc
1152 1602 1199 1650 se
1232 1602 1460 1654 extendit.
1497 1604 1560 1655 Et
1580 1608 1664 1672 qui
1689 1607 1749 1656 de
1772 1606 1876 1657 Le-

641 1676 758 1725 gato
782 1697 798 1718 2
830 1680 912 1716 aut
947 1669 1007 1718 de
1036 1668 1384 1735 Legationibus
1429 1671 1641 1723 scribunt
1665 1704 1684 1733 ,
1729 1675 1875 1726 etiam

641 1729 741 1780 hoc
761 1730 972 1784 scribunt
996 1752 1051 1785 ac
1065 1749 1274 1787 monent
1286 1771 1303 1797 ,
1336 1751 1387 1787 ut
1400 1737 1611 1804 Legatus
1625 1741 1878 1791 omnistu-

639 1796 755 1856 dio,
788 1803 1022 1868 omnique
1046 1818 1192 1867 opera
1215 1806 1382 1855 amicis
1410 1805 1480 1853 sui
1506 1805 1738 1873 Principis
1753 1808 1879 1857 sem-

642 1867 872 1928 per-adsit·
916 1868 981 1918 Et
1004 1871 1522 1936 magisigiturdicent‚
1554 1874 1749 1924 utidern
1766 1875 1880 1923 sub-

644 1931 755 1982 ditis
784 1934 1108 2002 suiPriucipis
1126 1938 1256 1988 adsit.
1300 1939 1363 1991 Et
1380 1956 1480 1989 non
1493 1939 1743 1998 videmus,
1777 1941 1879 1992 Le-

641 2011 779 2063 gatos
796 2000 1178 2054 'omnes'versari
1202 2007 1254 2054 in
1277 2006 1349 2056 his
1380 2009 1682 2071 privatorum
1708 2008 1879 2060 valde?

641 2066 806 2118 Etiam
829 2068 899 2117 illi
921 2069 1170 2136 scriptores
1188 2103 1202 2127 ‚
1236 2073 1370 2138 quod
1384 2073 1568 2142 Legato
1583 2074 1880 2127 credendum

644 2131 732 2187 sit,
764 2136 1025 2199 quidicat‚
1058 2139 1173 2204 quid
1199 2140 1249 2188 in
1280 2141 1523 2192 mandato,
1589 2142 1655 2191 Et
1677 2157 1885 2206 procer-

645 2213 700 2248 to
714 2217 883 2251 verum
911 2203 1121 2254 scribunt
1134 2204 1190 2255 ad
1211 2206 1316 2256 liaec
1330 2208 1509 2257 leviora
1525 2240 1542 2267 ‚
1576 2209 1881 2271 verisimilia,

644 2265 893 2320 solemnia.
930 2269 1182 2321 Caeterum
1210 2273 1317 2323 haec
1349 2274 1583 2340 (utdixi)
1617 2276 1885 2332 abundant,

645 2349 763 2384 cum
785 2351 858 2385 res
875 2336 1072 2402 Legato
1084 2356 1184 2388 non
1199 2342 1268 2390 est
1282 2357 1394 2390 cum
1409 2342 1483 2391 his
1497 2375 1515 2402 ‚
1548 2343 1631 2405 qui
1646 2356 1807 2410 petere
1821 2344 1883 2394 de

647 2402 882 2452 mandato
918 2404 1137 2456 habeant.
1206 2406 1320 2457 Pars
1343 2440 1361 2467 ,
1404 2424 1514 2475 quae
1555 2409 1646 2458 stat
1680 2423 1883 2470 contra,

645 2469 766 2517 nihil
780 2471 859 2518 hic
873 2470 1018 2520 habet
1030 2474 1372 2525 contradicere.
1438 2475 1755 2526 AEstimatum
1771 2493 1883 2542 pre-

647 2536 770 2583 tium
797 2536 866 2585 est
891 2538 944 2586 ὃ(
972 2538 1109 2604 supra
1126 2540 1309 2604 justum
1334 2573 1351 2600 ,
1383 2544 1494 2607 quia
1521 2542 1759 2592 saccarum
1779 2545 1882 2593 liti-

647 2601 834 2665 giosum
859 2604 928 2654 est
951 2637 967 2662 ,
1002 2608 1218 2673 adeoque
1243 2608 1406 2658 valens
1425 2622 1559 2659 tanto
1585 2612 1758 2661 minus.
1822 2609 1882 2659 Id

648 2667 894 2719 Doctores
924 2672 1125 2722 tradunt.
1191 2673 1244 2724 Id
1286 2675 1319 2724 fi
1354 2675 1722 2726 considerassent
1748 2709 1764 2736 ‚
1799 2689 1884 2726 aut

647 2735 1573 2803 corifiderarehabuiffentaestimatores‚
1609 2743 1881 2794 omnino&

650 2800 959 2852 aestimassent
974 2808 1151 2855 minus,
1206 2808 1269 2857 Et
1282 2811 1405 2875 parti
1422 2810 1628 2860 adversae
1643 2825 1743 2858 non
1758 2825 1881 2859 con-

649 2865 822 2918 sultum
840 2869 907 2920 est
919 2872 1185 2938 pleniffime
1197 2875 1219 2925 Ῥ
1233 2892 1342 2941 quae
1359 2878 1556 2930 vincens
1566 2877 1882 2993 recipiat-eam

1671 2959 1711 2994 ae
1756 2959 1878 2994 ima-
