2396 3587
724 451 1010 504 HrsPAN.
1042 452 1396 500 ΑυνοςΑτ,
1440 444 1574 498 Lrn.
1605 450 1650 500 Ι.
1748 465 1810 517 93

591 534 655 586 Et
677 550 740 584 ne
763 533 898 584 fieret
916 534 1065 582 etiarn
1104 532 1157 580 in
1184 528 1413 595 potestate
1436 530 1625 582 alterius
1646 566 1663 591 ‚
1695 533 1824 583 infe-

586 601 738 654 rendo
767 601 950 650 bellum
976 631 994 659 ‚
1036 599 1228 648 turbare
1247 598 1313 646 ita
1337 599 1634 648 commercia
1654 629 1673 654 ,
1715 615 1821 651 rem

585 667 1034 717 favorabiliffimarn.
1123 663 1188 714 Et
1231 678 1334 713 non
1395 664 1637 714 invadunt
1682 681 1822 716 nunc

586 733 745 783 Turci
777 734 906 783 bello
942 730 1249 797 Hispanicos.
1316 729 1445 780 Non
1482 730 1718 797 intelligit
1762 732 1825 782 de

585 800 766 851 Turcis
796 804 996 866 inquam
1023 800 1100 848 lex
1133 797 1330 848 foederis
1364 812 1376 846 ε
1425 799 1647 862 quamvis
1683 799 1825 849 vide-'-

584 881 726 917 antur
751 866 1005 932 Hispanici
1035 864 1217 916 Turcis
1248 864 1421 914 aeterni
1443 864 1618 914 hostes.
1659 866 1680 902 s
1695 865 1855 916 Nons
1873 868 1898 905 ἱ.
1913 880 2013 917 μη..

582 933 691 985 sunt
739 935 872 982 enim
925 932 1115 999 proprie
1163 931 1210 982 hi
1254 930 1422 1000 quidem
1467 931 1602 996 hostes
1651 949 1662 981 :
1707 921 1974 983 cumdme‘·

583 1001 761 1067 quibus
793 999 978 1049 bellum
1015 1015 1118 1049 non
1153 999 1222 1051 est
1255 1017 1266 1048 ε
1305 999 1480 1066 quibus
1515 1000 1697 1049 bellurn
1735 1000 1822 1049 de-

583 1082 770 1119 cretum
803 1083 906 1117 non
930 1066 1015 1117 est.
1062 1078 1114 1115 ut
1147 1080 1201 1116 ut
1231 1066 1336 1129 jura
1359 1065 1570 1115 hostium
1597 1082 1712 1116 cum
1738 1067 1822 1118 iis-

583 1134 700 1185 dem
725 1133 815 1183 fint
839 1132 1075 1200 quaedam.
1145 1131 1160 1157 ‘
1186 1132 1339 1200 Qod
1379 1132 1449 1183 est
1479 1132 1646 1183 habitu
1690 1134 1845 1195 tale,t
1871 1148 2014 1194 lafita.

583 1218 689 1251 non
715 1200 783 1261 est
811 1201 1003 1268 proprie
1025 1200 1117 1252 tale
1145 1220 1162 1261 3
1207 1201 1287 1251 sed
1313 1200 1447 1266 quod
1471 1199 1583 1250 astu
1609 1199 1678 1250 est
1714 1201 1865 1251 tale.c-
1890 1201 1936 1236 de
1957 1202 2017 1237 ¹³⁸-

583 1266 651 1318 Et
675 1267 884 1333 Hispani
912 1283 1015 1317 non
1043 1265 1152 1316 sunt
1177 1266 1290 1317 astu
1314 1267 1474 1317 hostes
1502 1282 1635 1320 nunc
1675 1247 2019 1339 Tur-‘’f'JstfZ'g

582 1335 668 1385 cis.
744 1333 767 1356 ¹²
791 1333 943 1403 Qod
994 1335 1201 1385 verbum
1243 1333 1452 1401 pofiturn
1496 1334 1565 1385 est
1616 1312 2022 1401 actuali-vargina

582 1413 658 1452 ter
684 1399 743 1450 ad
770 1413 925 1451 unum
947 1433 966 1460 ,
998 1417 1101 1450 non
1123 1401 1265 1451 debet
1289 1402 1395 1467 capi
1421 1401 1726 1453 habitualiter
1758 1402 2017 1455 ad¹·⁶⁰”s·9⁶·

583 1469 786 1519 alterum
829 1503 842 1523 ,
908 1469 964 1519 &
1020 1468 1199 1518 censeri
1247 1468 1455 1534 pofitum
1512 1468 1824 1521 difformiter.

584 1534 680 1585 Sed
705 1535 908 1585 verbum
935 1535 1065 1605 hostes
1089 1566 1106 1593 ‚
1140 1536 1222 1585 hic
1247 1535 1455 1600 positum
1486 1537 1539 1586 in
1579 1536 1686 1603 lege
1727 1537 1826 1588 foe-

582 1602 708 1652 deris
734 1635 752 1662 ,
799 1603 984 1668 liquido
1007 1615 1146 1654 notat
1169 1602 1329 1653 hostes
1355 1602 1604 1653 ad‘tualiter
1628 1636 1645 1662 ‚
1687 1604 1826 1656 inba-

584 1668 731 1720 dentes
774 1685 921 1735 regna
960 1670 1146 1720 alterius
1198 1670 1421 1721 foederati
1455 1703 1473 1730 ,
1523 1670 1823 1736 subtrahentes

583 1737 631 1786 se
674 1738 702 1786 ὲ
736 1737 960 1805 dominio
1002 1737 1286 1788 alterutrius,
1366 1737 1527 1787 Etiam
1569 1757 1665 1791 nec
1701 1740 1828 1793 illud

584 1803 656 1853 est
699 1801 964 1854 dicendum
1002 1837 1018 1862 ‚
1073 1804 1207 1869 quod
1255 1804 1372 1854 Rex
1416 1805 1579 1857 noster
1626 1823 1823 1873 magnae

585 1869 849 1921 Britanniae
885 1871 1135 1931 voluerit,
1194 1886 1310 1921 cum
1351 1885 1531 1922 aeterna
1566 1873 1821 1940 Hispano-

584 1954 695 1987 rum
751 1938 1012 1988 hostilitate
1056 1968 1075 1993 ,
1141 1940 1333 1988 turbare
1385 1944 1680 1992 commercia
1730 1943 1826 1994 suis

583 2003 782 2053 subditis
830 2007 1040 2055 maxima
1073 2038 1092 2064 ,
1148 2005 1203 2055 &
1248 2007 1301 2054 in
1351 2019 1604 2057 aeternum.
1685 2008 1828 2060 Dura.

585 2070 693 2121 haec
724 2071 849 2120 foret
880 2072 1091 2123 servitus.
1160 2071 1279 2122 dura
1311 2073 1640 2140 interpretatio
1666 2108 1684 2136 ,
1730 2092 1826 2128 nec

583 2137 897 2189 admittenda.
962 2138 1368 2204 Interpretatione
1398 2157 1502 2190 non
1535 2158 1673 2207 aequa
1703 2145 1827 2194 utri·

583 2221 680 2271 que
716 2207 850 2270 parti.
918 2222 1032 2256 nam
1070 2206 1185 2256 Rex
1214 2206 1376 2257 noster
1406 2223 1599 2273 magnae
1633 2209 1828 2260 Britan-

584 2273 680 2321 niae
713 2288 815 2322 non
857 2272 1005 2322 habet
1048 2273 1207 2322 hostes
1252 2284 1477 2326 aeternos.
1521 2276 1665 2326 habet
1706 2293 1823 2328 cum

587 2336 769 2389 Turcis
809 2342 1226 2389 commerciorum
1263 2343 1384 2405 J‘ura.
1460 2341 1488 2365 Χ
1520 2344 1591 2393 At
1631 2345 1709 2394 issa
1739 2348 1861 2395 ἰπὶ-Χ
1884 2345 1990 2384 erav.

582 2408 860 2472 terpretatio
903 2408 1111 2457 tenenda
1142 2405 1222 2456 ‘est
1270 2439 1289 2467 ,
1345 2408 1400 2458 &
1439 2408 1772 2477 restringendo
1805 2397 1989 2484 fimf}

582 2472 644 2522 δε
690 2472 999 2523 extendendo
1041 2504 1060 2531 ‚
1123 2489 1233 2538 quae
1286 2473 1439 2525 servat
1498 2479 1814 2543 aequalitatem
1828 2459 2018 2544 ἑῖεἷηιῗ.

582 2553 790 2588 onerum
817 2572 837 2599 ,
878 2542 934 2591 ὃς
964 2541 1210 2605 aequaliter
1239 2541 1445 2592 consulit
1476 2547 1667 2612 utrique
1697 2564 1818 2600 con·-
1836 2549 2015 2607 ¹²8·¹44,'·

583 2607 790 2655 trahenti
828 2638 846 2662 ,
902 2608 956 2657 &
998 2609 1160 2657 minus
1192 2608 1527 2673 praejudicialis
1570 2613 1640 2663 est
1674 2599 2015 2667 alteri.¹9⁶·D“¹'

587 2669 666 2721 Ut
709 2674 815 2723 haec
855 2675 988 2736 plura
1017 2674 1126 2724 sunt
1160 2711 1176 2736 ‚
1225 2674 1278 2723 &
1323 2678 1515 2743 vulgata
1557 2682 1683 2745 apud
1725 2648 2015 2739 no·z¹ssi‘.l2¹’1}3.⁸

587 2738 706 2789 stros
751 2735 996 2790 Ποᾶοτεε
1033 2772 1050 2800 ,
1096 2742 1150 2790 &
1183 2742 1447 2795 certiffima.
1514 2744 1667 2812 Qod
1697 2764 1816 2802 vero

583 2806 775 2857 videtur
820 2839 838 2867 ,
899 2806 993 2858 effe
1054 2807 1327 2872 Hispanicis
1388 2810 1634 2864 adiualiter
1684 2831 1819 2868 nunc

585 2871 767 2925 bellurn
836 2889 952 2925 cum
1028 2873 1208 2927 Turcis
1270 2891 1281 2925 :
1350 2892 1465 2927 cum
1536 2880 1587 2929 hi
1649 2897 1818 2946 gerant

1639 2949 1819 3001 bellum
