2396 3587
645 480 714 536 68
868 483 1617 536 ALnEmctGENff‘rnts

454 597 496 625 m
522 584 630 624 Alex.
641 578 843 616 ventum
861 569 960 630 ejus
977 597 994 623 ⁹
1026 566 1204 614 omnia.
1246 563 1286 587 “¹
1298 562 1366 612 At
1378 579 1495 614 vero
1509 563 1642 614 fiscus
1656 563 1869 615 vendere

445 631 783 682 7.e0ns.52.habet
809 649 911 681 rem
939 646 991 681 ut
1012 632 1148 699 suarn
1169 629 1443 693 simpliciter
1469 662 1486 688 ,
1529 647 1630 680 non
1656 647 1717 681 ex
1738 646 1867 681 certa

446 685 625 773 {³222}
641 697 796 747 caussa
822 730 839 757 ,
882 698 914 746 fi
942 710 1134 762 emptor
1169 695 1314 744 debet
1341 695 1495 745 statim
1536 696 1724 747 securus
1758 697 1870 747 effe.

446 784 545 831 ηρ,
596 762 606 772 “
641 764 805 813 Etiam
826 764 902 812 illa
916 763 1016 813 fisci
1038 761 1257 812 venditio
1270 761 1411 811 debet
1425 761 1519 811 esse
1538 763 1762 813 confecta
1783 780 1869 829 per

639 843 998 896 procuratorem
1024 829 1283 895 specialiter
1310 829 1370 877 ad
1391 828 1439 877 id
1459 829 1739 894 deputatum
1765 846 1776 879 ι
1814 841 1869 880 ut

641 897 916 946 Alexander
929 899 980 945 in
1003 894 1231 963 responsis
1243 895 1458 945 declarat.
1492 908 1680 946 tantum
1705 894 1868 952 abest,

641 976 694 1011 ut
709 964 935 1027 generalis
948 962 1025 1012 illa
1036 962 1410 1026 imaginariaque
1422 961 1666 1016 vendendi
1679 964 1801 1012 ratio
1811 962 1868 1015 sit

640 1028 760 1078 satis.
795 1029 848 1078 H
854 1045 925 1080 aec
937 1029 1061 1078 facta
1073 1060 1090 1087 ‚
1108 1029 1163 1080 &
1175 1028 1375 1095 probata
1383 1029 1622 1094 oportuit:
1645 1045 1758 1096 quae
1775 1045 1869 1082 nec

639 1094 769 1144 facia
786 1127 802 1153 ‚
828 1112 918 1145 nec
928 1097 1125 1160 allegata
1135 1094 1644 1146 sunthmercatoribus.
1692 1095 1759 1146 Et
1769 1096 1868 1148 hoc

638 1160 704 1209 sic
722 1159 894 1219 cessat,
926 1162 1058 1226 quod
1080 1160 1196 1210 falso
1207 1160 1416 1212 creditur
1440 1161 1683 1212 advocatis
1697 1160 1870 1213 adver·

633 1226 763 1277 sariis
779 1227 980 1277 solidum
992 1227 1361 1277 fundamentum
1377 1228 1404 1277 ὲ
1416 1228 1698 1278 venditione
1710 1228 1866 1281 fiscali.

637 1304 694 1342 ut
707 1294 875 1343 itidem
890 1293 1137 1344 concludit
1150 1294 1446 1345 Menochius
1462 1295 1520 1344 ad
1534 1295 1665 1344 idem
1693 1295 1869 1347 funda·

636 1362 922 1409 mentumin
935 1361 1038 1410 casu
1056 1359 1262 1426 responsi
1278 1361 1346 1410 sui
1362 1360 1447 1409 fibi
1456 1361 1725 1427 objectum.
1757 1362 1867 1429 Ego

640 1426 690 1475 in
704 1426 809 1474 casu
824 1426 986 1476 nostro
999 1429 1185 1493 insuper
1195 1427 1457 1477 addiderim
1474 1459 1490 1485 ‚
1525 1428 1712 1479 ostendi
1735 1431 1866 1495 pira·-

638 1492 698 1542 tis
716 1492 879 1542 locum
900 1493 1326 1559 oportuniffimum
1342 1495 1730 1560 navigationibus
1745 1512 1864 1563 pro-

637 1557 1004 1624 pinquiffimum
1023 1560 1323 1625 Hispanicis‚
1346 1561 1609 1611 habitatum
1624 1574 1868 1613 mercato·

637 1626 769 1674 ‚ribus
783 1626 999 1692 Anglicis
1013 1658 1031 1685 ,
1058 1628 1141 1677 ubi
1162 1627 1347 1693 praedas
1370 1627 1470 1678 suas
1495 1629 1669 1694 poffint
1680 1629 1771 1679 suis
1791 1629 1867 1679 di-

639 1691 874 1752 strahere,
906 1693 940 1741 fi
962 1695 1172 1758 jusistud
1187 1695 1493 1745 constituitur
1519 1692 1753 1747 fiscfillius
1766 1709 1864 1748 ter·

634 1773 713 1809 rae.
749 1758 975 1810 Hoccine
985 1777 1074 1827 pro
1087 1763 1377 1812 mercatura?

956 1957 1004 2009 C
1048 1976 1082 2010 A
1126 1976 1154 2009 P
1200 1976 1240 2013 υ
1281 1975 1319 2012 τ
1398 1960 1560 2014 XVI.

682 2087 768 2143 De
784 2080 983 2142 Edio‘lo
998 2082 1162 2170 Regis
1178 2125 1201 2159 ,
1230 2081 1445 2170 ligante
1473 2088 1817 2171 ignorantes.

631 2233 723 2344 F
741 2231 838 2285 Uir
861 2235 980 2285 olim
998 2235 1201 2301 quaestio
1214 2268 1230 2293 ,
1262 2252 1324 2285 an
1339 2247 1474 2303 capta
1487 2251 1570 2301 per
1583 2236 1758 2287 ducem
1770 2236 1865 2287 ho·

736 2301 875 2351 stium
890 2335 907 2361 ,
928 2304 1175 2368 postquam
1192 2303 1351 2353 foedus
1365 2304 1585 2353 ferierant
1599 2302 1865 2367 Principes,

629 2367 692 2416 de
704 2384 803 2432 quo
827 2382 988 2419 tamen
1003 2371 1270 2420 nescierunt
1283 2369 1455 2429 duces,
1490 2369 1864 2421 faetaillaeffent

630 2435 941 2499 capientium.
1006 2436 1070 2486 Et
1095 2439 1184 2486 fuit
1212 2437 1380 2486 eadem
1401 2469 1419 2495 ‚
1454 2452 1546 2486 nec
1570 2438 1727 2486 multo
1751 2451 1863 2486 ante

632 2514 827 2550 aetatem
853 2503 977 2551 hanc
1003 2503 1216 2553 nostram
1251 2506 1421 2567 agitata
1446 2504 1617 2553 iterum
1645 2502 1861 2568 quaestio.

437 2597 461 2625 2
484 2565 843 2632 uqu.3,Etnunc
856 2572 1010 2632 agitur
1023 2572 1206 2619 eadem.
1270 2583 1291 2607 ²
1317 2569 1610 2618 Dixiautem
1624 2586 1751 2635 eg0‚
1780 2586 1862 2619 ca·

436 2635 548 2680 aeju.
572 2633 624 2673 be·
632 2636 682 2700 pi
713 2635 790 2683 illa
815 2652 915 2684 non
933 2636 1163 2699 potuisse,
1199 2652 1288 2686 nec
1300 2635 1474 2685 effecta
1497 2635 1704 2685 hostium
1729 2636 1861 2700 capi-

439 2695 496 2735 ¹‘7'
630 2702 835 2751 entium.
898 2702 961 2751 Et
974 2704 1157 2752 videtur
1169 2719 1301 2752 nunc
1314 2703 1454 2751 nobis
1468 2703 1544 2751 illa
1559 2718 1725 2752 vacare
1737 2718 1858 2766 quo-

629 2784 726 2833 que
762 2784 821 2816 ex
855 2784 917 2817 eo
953 2770 1156 2833 quaestio
1191 2786 1200 2817 :
1233 2785 1344 2818 cum
1381 2782 1597 2833 apertum
1639 2768 1862 2819 videatur

625 2834 838 2884 edietum
866 2835 1022 2900 Regis
1056 2855 1065 2885 ε
1100 2853 1199 2900 quo
1230 2835 1392 2885 edicto
1419 2835 1487 2884 est
1509 2835 1714 2884 vetitum
1733 2867 1749 2892 ‚
1783 2835 1862 2898 agi

627 2901 885 2969 quidquam
913 2920 1024 2954 cum
1054 2903 1277 2969 Hispano
1304 2900 1537 2953 hostiliter
1570 2901 1676 2967 post
1704 2902 1857 3015 Aprli-

1818 2979 1857 3015 ts
