2396 3587
645 493 735 540 104
899 480 1236 532 Amzmuct
1271 482 1623 535 GssNrrtrs

438 551 471 629 ἐξ
481 544 624 634 έξὶἒ·
640 563 860 623 videtur,
894 582 1035 629 quarn
1048 563 1160 614 iste:
1187 563 1332 614 '‘nam
1351 564 1426 613 isti
1442 566 1644 631 relinqui
1658 565 1707 615 in
1720 564 1857 615 testa·

438 645 603 688 maim,
641 643 811 679 mento
833 633 1017 696 potest,
1051 631 1120 679 illi
1147 645 1250 679 non
1287 631 1456 694 potest.
1523 634 1605 682 Est
1627 633 1705 681 ille
1729 649 1864 698 pere·

436 691 827 760 Ull'·¹it·22grinus,
861 697 930 745 est
953 714 1054 746 non
1080 699 1215 747 civiS.
1280 698 1405 747 Non
1424 712 1590 748 movet
1604 698 1770 748 Budaei
1786 714 1867 747 me

631 763 783 820 ratio,
819 767 927 812 nixa
941 765 1260 812 fundamento
1274 764 1418 823 falso,
1451 765 1581 828 quod
1595 779 1861 814 exterarum

633 832 851 893 gentium
868 831 1073 878 nornine
1089 831 1155 883 illi
1171 830 1525 894 intelligantur,
1559 848 1672 881 cum
1689 833 1862 896 quibus

634 895 797 958 estjus
812 897 1124 961 postliminii,
1163 912 1263 944 non
1290 899 1366 944 alii
1391 896 1683 961 sceptrorum
1709 912 1861 947 exter-

633 978 825 1011 norum.
895 961 1380 1012 Imoverohiomnes
1398 964 1698 1012 suntexterni
1730 980 1741 1012 ε
1776 963 1860 1013 etsi

433 1060 459 1096 y
481 1050 616 1087 dum,
635 1045 735 1077 non
761 1045 874 1078 cum
900 1029 1128 1078 omnibus
1152 1029 1222 1077 est
1248 1031 1616 1093 postliminium.
1684 1032 1701 1066 y
1723 1028 1860 1080 Cum

432 1098 615 1142 deimbet.
634 1095 724 1145 illis
738 1097 806 1144 est
825 1095 1175 1159 postliminium
1201 1098 1439 1153 externis,
1471 1113 1585 1145 cum
1611 1097 1785 1161 quibus
1807 1114 1863 1145 a·

432 1156 487 1184 ¹²·
634 1163 865 1212 micitiam
883 1163 1062 1211 nullam
1076 1162 1325 1213 habemus.
1349 1177 1404 1216 ut
1419 1164 1512 1228 ipse
1527 1163 1719 1227 exposui
1734 1164 1864 1217 alibi.

628 1229 760 1297 Ergo
784 1229 936 1277 sensus
959 1229 1306 1278 consentaneus
1347 1228 1626 1295 supradic‘tae
1650 1231 1745 1295 legi
1770 1229 1856 1290 sit,

625 1308 681 1345 ut
705 1297 925 1345 foederati
960 1294 1160 1359 quidem
1196 1297 1334 1345 liberi
1363 1296 1451 1346 sint
1474 1298 1615 1346 nobis
1642 1299 1858 1356 externi,

624 1378 726 1412 non
744 1376 905 1411 tamen
930 1364 1045 1411 tales
1059 1395 1074 1420 ‚
1099 1379 1210 1412 cum
1228 1364 1403 1427 quibus
1417 1363 1472 1412 fit
1487 1363 1855 1430 postliminium.

622 1428 691 1478 Et
717 1430 779 1478 fic
804 1427 980 1477 Veneti
1019 1431 1194 1494 Anglis
1231 1431 1323 1493 (ut
1353 1431 1484 1495 dixi)
1520 1431 1717 1480 externi.
1790 1429 1855 1482 Et

622 1496 756 1561 quod
773 1497 923 1562 Angli
950 1497 1030 1545 hic
1053 1499 1114 1546 de
1136 1497 1308 1561 Anglis
1323 1513 1394 1546 res
1409 1498 1507 1547 illas
1531 1496 1849 1556 redemerint,

622 1580 724 1613 non
740 1567 804 1614 eis
827 1578 1002 1613 nocere
1025 1564 1167 1614 habet
1184 1566 1231 1612 in
1248 1563 1428 1614 caussa,
1461 1564 1494 1613 fi
1526 1562 1719 1613 Veneto
1744 1580 1848 1614 non

620 1645 818 1680 noceret
841 1663 858 1689 ‚
890 1632 975 1696 qui
996 1632 1059 1680 de
1088 1631 1260 1695 Anglis
1289 1632 1459 1680 itidem
1484 1649 1537 1680 ea
1562 1630 1845 1681 redemisset.

619 1695 686 1746 Et
710 1696 764 1747 fit
789 1696 893 1748 satis
925 1729 940 1756 2
984 1699 1114 1762 quod
1143 1700 1304 1761 piratae
1328 1698 1419 1748 sint
1439 1698 1631 1750 externi
1659 1695 1847 1748 Veneto

619 1764 850 1829 spoliare,
888 1764 970 1814 etsi
995 1780 1097 1815 non
1120 1764 1209 1814 fint
1231 1767 1416 1816 externi
1444 1765 1843 1831 redemptoribus·

619 1830 899 1881 Absurdum
929 1832 997 1881 est
1023 1865 1040 1890 ,
1072 1846 1126 1881 ut
1149 1831 1349 1882 Veneto
1386 1843 1624 1883 teneretur
1655 1832 1848 1897 Anglus

617 1900 769 1963 magis
793 1929 810 1956 ‚
847 1913 993 1964 quarn
1020 1898 1253 1949 Venetus.
1320 1899 1643 1950 Latrunculos
1668 1911 1844 1948 exterae

615 1967 777 2029 gentis
790 1968 866 2014 lex
880 1965 1043 2015 censet
1056 1982 1155 2015 non
1175 1965 1201 2015 {i
1215 1964 1516 2033 redemptore
1532 2000 1548 2026 ,
1562 1968 1620 2016 de
1632 1983 1730 2030 quo
1743 1966 1848 2030 post

614 2034 843 2081 meminit
866 2066 883 2091 ‚
928 2032 1005 2082 sed
1039 2033 1100 2081 ab
1123 2049 1186 2082 eo
1211 2064 1228 2088 ‚
1258 2036 1340 2082 ,cui
1367 2049 1500 2099 rapta
1525 2035 1696 2083 mulier
1725 2033 1847 2091 fuit,

414 2105 438 2132 2
459 2095 534 2135 ²·2·
563 2102 598 2138 C·
615 2115 795 2164 nempe
810 2098 940 2151 fisco.
989 2099 1174 2148 Verum
1193 2099 1618 2150 &deexterisimo
1632 2099 1848 2148 redeme-

411 2147 534 2195 defur.
612 2180 726 2217 runt
747 2166 930 2230 Angli,
962 2165 1024 2215 de
1048 2166 1586 2220 PraefectoTunetano..
1657 2166 1848 2215 zporro

611 2250 704 2284 nec
718 2233 790 2281 his
805 2246 977 2286 nocet,
1008 2234 1218 2297 quodait
1234 2236 1321 2283 alia
1336 2236 1440 2292 lex,
1475 2235 1601 2284 dicat
1622 2232 1716 2282 esse
1744 2250 1846 2282 rem

608 2300 878 2355 incivilem,
895 2302 1022 2351 nolle
1035 2302 1230 2351 furtivas
1244 2303 1452 2366 re's'prius
1468 2302 1682 2360 reddere,
1698 2316 1845 2365 quam

607 2369 858 2434 pretiumf
856 2369 977 2418 uerit
990 2368 1196 2417 solutum
1213 2369 1238 2416 ”a
1251 2367 1481 2417 dominis.
1547 2368 1684 2417 Nam
1702 2368 1844 2416 ealex

611 2450 714 2483 non
740 2437 959 2499 procedit
975 2467 992 2490 ‚
1016 2452 1137 2490 ‚cum
1160 2452 1233 2484 res
1263 2449 1425 2500 empta
1449 2435 1509 2484 de
1531 2435 1808 2487 latrunculis
1825 2466 1842 2490 ,

609 2502 833 2566 &piratis
849 2503 955 2552 fuit.
987 2514 1038 2552 ut
1053 2503 1115 2552 fic
1132 2501 1385 2567 Caepolla,
1415 2501 1738 2560 MenochiuS,
1766 2500 1844 2549 alii

605 2567 803 2617 docent.
870 2568 990 2619 Hoc
1004 2571 1055 2618 in
1070 2570 1212 2632 casu(
1225 2572 1384 2635 inquit
1398 2568 1691 2618 Menochius
1706 2568 1726 2631 ⁴)
1744 2567 1845 2615 ces·-

606 2634 672 2683 sat
685 2633 883 2699 suspicio
899 2668 914 2693 ‚
947 2637 1079 2700 quod
1095 2637 1235 2686 fuerit
1248 2649 1439 2702 emptor
1453 2636 1566 2684 furti
1588 2635 1843 2700 particeps,

604 2702 686 2750 vel
710 2703 853 2749 fuerit
869 2705 1114 2769 negligens
1143 2706 1190 2751 in
1208 2701 1537 2769 perscrutanda
1563 2701 1843 2753 conditione

606 2767 883 2817 venditoris.
957 2769 1209 2835 Qaeduae
1224 2770 1333 2819 sunt
1347 2761 1750 2819 considerationes
1774 2768 1841 2815 le-

603 2836 677 2899 gis
703 2834 849 2884 istius.
916 2832 998 2885 De
1024 2852 1073 2886 re
1098 2851 1259 2886 autem
1288 2853 1380 2886 nec
1404 2836 1552 2884 dubia
1578 2835 1681 2901 plus
1715 2833 1835 2883 satis.

604 2899 668 2952 Et
682 2916 798 2952 vero
819 2903 1018 2953 indubia
1034 2903 1086 2953 sit
1099 2903 1349 2955 conclusio
1359 2919 1465 2954 non
1487 2900 1838 3015 movendaessliisc

1664 2982 1728 3026 po
1769 2983 1796 3015 e
1814 2992 1837 3005 -
