<?xml version="1.0" encoding="UTF-8"?>
<!DOCTYPE html PUBLIC "-//W3C//DTD XHTML 1.0 Transitional//EN"
    "http://www.w3.org/TR/xhtml1/DTD/xhtml1-transitional.dtd">
<html xmlns="http://www.w3.org/1999/xhtml" xml:lang="en" lang="en">
 <head>
  <title>
</title>
<meta http-equiv="Content-Type" content="text/html;charset=utf-8" />
  <meta name='ocr-system' content='tesseract 3.04.00' />
  <meta name='ocr-capabilities' content='ocr_page ocr_carea ocr_par ocr_line ocrx_word'/>
</head>
<body>
  <div class='ocr_page' id='page_1' title='image "./hispanicaeadvoca01gentuoft_0281.png"; bbox 0 0 2396 3587; ppageno 0'>
   <div class='ocr_carea' id='block_1_1' title="bbox 605 428 1711 497">
    <p class='ocr_par' dir='ltr' id='par_1_1' title="bbox 605 428 1711 497">
     <span class='ocr_line' id='line_1_1' title="bbox 605 428 1711 497; baseline -0.006 -12"><span class='ocrx_word' id='word_1_1' title='bbox 605 435 889 485; x_wconf 72' lang='lat' dir='ltr'>HrsPAN.</span> <span class='ocrx_word' id='word_1_2' title='bbox 922 428 1285 478; x_wconf 78' lang='lat' dir='ltr'>ADVOGAT.</span> <span class='ocrx_word' id='word_1_3' title='bbox 1315 428 1456 479; x_wconf 84' lang='lat' dir='ltr'>L113.</span> <span class='ocrx_word' id='word_1_4' title='bbox 1488 429 1562 480; x_wconf 86' lang='grc' dir='ltr'>ΙΙ.</span> <span class='ocrx_word' id='word_1_5' title='bbox 1618 445 1711 497; x_wconf 80' lang='lat'>217</span> 
     </span>
    </p>
   </div>
   <div class='ocr_carea' id='block_1_2' title="bbox 483 509 1733 1846">
    <p class='ocr_par' dir='ltr' id='par_1_2' title="bbox 483 509 1733 1846">
     <span class='ocr_line' id='line_1_2' title="bbox 483 509 1716 581; baseline -0.003 -15"><span class='ocrx_word' id='word_1_6' title='bbox 483 515 856 567; x_wconf 67' lang='lat' dir='ltr'>aestimationem</span> <span class='ocrx_word' id='word_1_7' title='bbox 869 511 1160 576; x_wconf 83' lang='lat' dir='ltr'>duplicatam</span> <span class='ocrx_word' id='word_1_8' title='bbox 1174 540 1191 564; x_wconf 85' lang='lat'>‚</span> <span class='ocrx_word' id='word_1_9' title='bbox 1205 509 1239 558; x_wconf 88' lang='lat' dir='ltr'>fi</span> <span class='ocrx_word' id='word_1_10' title='bbox 1253 511 1386 561; x_wconf 85' lang='lat' dir='ltr'>reddi</span> <span class='ocrx_word' id='word_1_11' title='bbox 1398 530 1469 564; x_wconf 88' lang='lat' dir='ltr'>res</span> <span class='ocrx_word' id='word_1_12' title='bbox 1485 514 1594 581; x_wconf 86' lang='lat' dir='ltr'>ipsae</span> <span class='ocrx_word' id='word_1_13' title='bbox 1609 532 1716 565; x_wconf 88' lang='lat' dir='ltr'>non</span> 
     </span>
     <span class='ocr_line' id='line_1_3' title="bbox 483 572 1718 647; baseline 0 -15"><span class='ocrx_word' id='word_1_14' title='bbox 483 595 725 647; x_wconf 80' lang='lat' dir='ltr'>poterunt.</span> <span class='ocrx_word' id='word_1_15' title='bbox 757 581 836 631; x_wconf 88' lang='lat' dir='ltr'>Sic</span> <span class='ocrx_word' id='word_1_16' title='bbox 849 572 916 629; x_wconf 73' lang='lat' dir='ltr'>eff</span> <span class='ocrx_word' id='word_1_17' title='bbox 932 576 1176 641; x_wconf 85' lang='lat' dir='ltr'>fidejuffio.</span> <span class='ocrx_word' id='word_1_18' title='bbox 1212 576 1277 626; x_wconf 91' lang='lat' dir='ltr'>Et</span> <span class='ocrx_word' id='word_1_19' title='bbox 1299 578 1588 647; x_wconf 86' lang='lat' dir='ltr'>videtigitur</span> <span class='ocrx_word' id='word_1_20' title='bbox 1601 579 1718 632; x_wconf 83' lang='lat' dir='ltr'>Illu-</span> 
     </span>
     <span class='ocr_line' id='line_1_4' title="bbox 486 644 1713 708; baseline -0.002 -8"><span class='ocrx_word' id='word_1_21' title='bbox 486 649 592 700; x_wconf 87' lang='lat' dir='ltr'>stris</span> <span class='ocrx_word' id='word_1_22' title='bbox 606 650 854 701; x_wconf 86' lang='lat' dir='ltr'>Dominus</span> <span class='ocrx_word' id='word_1_23' title='bbox 867 644 1056 708; x_wconf 71' lang='lat' dir='ltr'>Judex2·</span> <span class='ocrx_word' id='word_1_24' title='bbox 1087 659 1234 707; x_wconf 84' lang='lat' dir='ltr'>quarn</span> <span class='ocrx_word' id='word_1_25' title='bbox 1248 644 1339 694; x_wconf 79' lang='lat' dir='ltr'>sint</span> <span class='ocrx_word' id='word_1_26' title='bbox 1355 647 1530 697; x_wconf 83' lang='lat' dir='ltr'>morosi</span> <span class='ocrx_word' id='word_1_27' title='bbox 1546 647 1713 698; x_wconf 87' lang='lat' dir='ltr'>adver·</span> 
     </span>
     <span class='ocr_line' id='line_1_5' title="bbox 485 709 1715 778; baseline 0.002 -16"><span class='ocrx_word' id='word_1_28' title='bbox 485 713 589 763; x_wconf 81' lang='lat' dir='ltr'>sarii</span> <span class='ocrx_word' id='word_1_29' title='bbox 613 715 767 765; x_wconf 87' lang='lat' dir='ltr'>nostri</span> <span class='ocrx_word' id='word_1_30' title='bbox 796 731 806 762; x_wconf 90' lang='lat'>:</span> <span class='ocrx_word' id='word_1_31' title='bbox 836 713 919 778; x_wconf 91' lang='lat' dir='ltr'>qui</span> <span class='ocrx_word' id='word_1_32' title='bbox 939 710 1109 760; x_wconf 91' lang='lat' dir='ltr'>volunt</span> <span class='ocrx_word' id='word_1_33' title='bbox 1122 709 1360 775; x_wconf 86' lang='lat' dir='ltr'>Legatum</span> <span class='ocrx_word' id='word_1_34' title='bbox 1376 712 1454 761; x_wconf 83' lang='lat' dir='ltr'>vel</span> <span class='ocrx_word' id='word_1_35' title='bbox 1472 715 1578 776; x_wconf 90' lang='lat' dir='ltr'>jura</span> <span class='ocrx_word' id='word_1_36' title='bbox 1602 715 1680 764; x_wconf 84' lang='lat' dir='ltr'>sua</span> <span class='ocrx_word' id='word_1_37' title='bbox 1694 746 1715 774; x_wconf 87' lang='lat'>,</span> 
     </span>
     <span class='ocr_line' id='line_1_6' title="bbox 485 776 1717 847; baseline -0.001 -15"><span class='ocrx_word' id='word_1_38' title='bbox 485 782 564 832; x_wconf 88' lang='lat' dir='ltr'>vel</span> <span class='ocrx_word' id='word_1_39' title='bbox 581 799 654 832; x_wconf 85' lang='lat' dir='ltr'>res</span> <span class='ocrx_word' id='word_1_40' title='bbox 676 779 899 847; x_wconf 78' lang='lat' dir='ltr'>perdere,</span> <span class='ocrx_word' id='word_1_41' title='bbox 932 776 1352 827; x_wconf 85' lang='lat' dir='ltr'>velutimulierilla</span> <span class='ocrx_word' id='word_1_42' title='bbox 1372 778 1575 839; x_wconf 82' lang='lat' dir='ltr'>scilicet,</span> <span class='ocrx_word' id='word_1_43' title='bbox 1606 798 1717 846; x_wconf 78' lang='lat' dir='ltr'>quae</span> 
     </span>
     <span class='ocr_line' id='line_1_7' title="bbox 485 846 1720 914; baseline -0.002 -19"><span class='ocrx_word' id='word_1_44' title='bbox 485 846 737 897; x_wconf 87' lang='lat' dir='ltr'>Salomoni</span> <span class='ocrx_word' id='word_1_45' title='bbox 761 847 947 896; x_wconf 87' lang='lat' dir='ltr'>dicebat</span> <span class='ocrx_word' id='word_1_46' title='bbox 975 875 993 903; x_wconf 69' lang='lat'>2</span> <span class='ocrx_word' id='word_1_47' title='bbox 1039 848 1197 911; x_wconf 82' lang='lat' dir='ltr'><strong><em>Neque</em></strong></span> <span class='ocrx_word' id='word_1_48' title='bbox 1216 846 1323 893; x_wconf 82' lang='lat' dir='ltr'>mihi</span> <span class='ocrx_word' id='word_1_49' title='bbox 1343 850 1419 910; x_wconf 81' lang='lat' dir='ltr'>esto</span> <span class='ocrx_word' id='word_1_50' title='bbox 1438 878 1456 901; x_wconf 84' lang='lat'><em>,</em></span> <span class='ocrx_word' id='word_1_51' title='bbox 1486 864 1621 914; x_wconf 81' lang='lat' dir='ltr'>neque</span> <span class='ocrx_word' id='word_1_52' title='bbox 1640 846 1720 896; x_wconf 74' lang='lat' dir='ltr'>illi.</span> 
     </span>
     <span class='ocr_line' id='line_1_8' title="bbox 489 909 1722 979; baseline 0.001 -16"><span class='ocrx_word' id='word_1_53' title='bbox 489 914 602 979; x_wconf 80' lang='lat' dir='ltr'>Age</span> <span class='ocrx_word' id='word_1_54' title='bbox 627 928 677 964; x_wconf 88' lang='lat' dir='ltr'>tu</span> <span class='ocrx_word' id='word_1_55' title='bbox 700 914 1047 968; x_wconf 84' lang='lat' dir='ltr'>Salomonem,</span> <span class='ocrx_word' id='word_1_56' title='bbox 1081 909 1283 961; x_wconf 82' lang='lat' dir='ltr'>domine</span> <span class='ocrx_word' id='word_1_57' title='bbox 1301 911 1474 975; x_wconf 83' lang='lat' dir='ltr'>Judex.</span> <span class='ocrx_word' id='word_1_58' title='bbox 1509 914 1598 965; x_wconf 90' lang='lat' dir='ltr'>Ne</span> <span class='ocrx_word' id='word_1_59' title='bbox 1621 914 1722 964; x_wconf 83' lang='lat' dir='ltr'>fine</span> 
     </span>
     <span class='ocr_line' id='line_1_9' title="bbox 486 977 1719 1045; baseline 0 -16"><span class='ocrx_word' id='word_1_60' title='bbox 486 997 592 1030; x_wconf 79' lang='lat' dir='ltr'>rem</span> <span class='ocrx_word' id='word_1_61' title='bbox 617 982 876 1045; x_wconf 89' lang='lat' dir='ltr'>corrumpi.</span> <span class='ocrx_word' id='word_1_62' title='bbox 923 977 1177 1041; x_wconf 82' lang='lat' dir='ltr'>Abrumpe</span> <span class='ocrx_word' id='word_1_63' title='bbox 1200 978 1284 1029; x_wconf 90' lang='lat' dir='ltr'>has</span> <span class='ocrx_word' id='word_1_64' title='bbox 1299 994 1458 1030; x_wconf 87' lang='lat' dir='ltr'>moras</span> <span class='ocrx_word' id='word_1_65' title='bbox 1474 1013 1492 1041; x_wconf 82' lang='grc'>,</span> <span class='ocrx_word' id='word_1_66' title='bbox 1526 982 1719 1036; x_wconf 64' lang='lat' dir='ltr'>&amp;ealias</span> 
     </span>
     <span class='ocr_line' id='line_1_10' title="bbox 485 1043 1725 1112; baseline 0.002 -17"><span class='ocrx_word' id='word_1_67' title='bbox 485 1063 674 1097; x_wconf 83' lang='lat' dir='ltr'>omnes.</span> <span class='ocrx_word' id='word_1_68' title='bbox 706 1048 889 1112; x_wconf 87' lang='lat' dir='ltr'>Neque</span> <span class='ocrx_word' id='word_1_69' title='bbox 903 1043 1205 1109; x_wconf 82' lang='lat' dir='ltr'>appellationi</span> <span class='ocrx_word' id='word_1_70' title='bbox 1216 1046 1295 1096; x_wconf 85' lang='lat' dir='ltr'>hic</span> <span class='ocrx_word' id='word_1_71' title='bbox 1307 1046 1442 1097; x_wconf 90' lang='lat' dir='ltr'>locus</span> <span class='ocrx_word' id='word_1_72' title='bbox 1455 1049 1542 1098; x_wconf 88' lang='lat' dir='ltr'>erit</span> <span class='ocrx_word' id='word_1_73' title='bbox 1552 1048 1725 1098; x_wconf 84' lang='lat' dir='ltr'>adver-</span> 
     </span>
     <span class='ocr_line' id='line_1_11' title="bbox 488 1112 1726 1180; baseline 0 -17"><span class='ocrx_word' id='word_1_74' title='bbox 488 1112 564 1163; x_wconf 87' lang='lat' dir='ltr'>sus</span> <span class='ocrx_word' id='word_1_75' title='bbox 588 1118 965 1180; x_wconf 82' lang='lat' dir='ltr'>pronunciatum</span> <span class='ocrx_word' id='word_1_76' title='bbox 996 1121 1139 1158; x_wconf 88' lang='lat' dir='ltr'>tuum</span> <span class='ocrx_word' id='word_1_77' title='bbox 1165 1126 1176 1159; x_wconf 81' lang='lat' dir='ltr'><strong><em>z</em></strong></span> <span class='ocrx_word' id='word_1_78' title='bbox 1210 1113 1295 1162; x_wconf 89' lang='lat' dir='ltr'>ubi</span> <span class='ocrx_word' id='word_1_79' title='bbox 1323 1113 1382 1163; x_wconf 91' lang='lat' dir='ltr'>de</span> <span class='ocrx_word' id='word_1_80' title='bbox 1409 1115 1552 1165; x_wconf 89' lang='lat' dir='ltr'>rebus</span> <span class='ocrx_word' id='word_1_81' title='bbox 1586 1130 1726 1165; x_wconf 80' lang='lat' dir='ltr'>mora</span> 
     </span>
     <span class='ocr_line' id='line_1_12' title="bbox 489 1178 1724 1246; baseline 0.001 -18"><span class='ocrx_word' id='word_1_82' title='bbox 489 1180 663 1230; x_wconf 84' lang='lat' dir='ltr'>futuris</span> <span class='ocrx_word' id='word_1_83' title='bbox 718 1178 1036 1230; x_wconf 87' lang='lat' dir='ltr'>deterioribus</span> <span class='ocrx_word' id='word_1_84' title='bbox 1072 1178 1230 1242; x_wconf 86' lang='lat' dir='ltr'>agitur</span> <span class='ocrx_word' id='word_1_85' title='bbox 1265 1180 1320 1231; x_wconf 85' lang='lat'>&amp;</span> <span class='ocrx_word' id='word_1_86' title='bbox 1354 1182 1587 1246; x_wconf 84' lang='lat' dir='ltr'>perituris.</span> <span class='ocrx_word' id='word_1_87' title='bbox 1657 1181 1724 1231; x_wconf 87' lang='lat' dir='ltr'>Et</span> 
     </span>
     <span class='ocr_line' id='line_1_13' title="bbox 489 1244 1725 1312; baseline 0.002 -17"><span class='ocrx_word' id='word_1_88' title='bbox 489 1249 613 1312; x_wconf 89' lang='lat' dir='ltr'>parti</span> <span class='ocrx_word' id='word_1_89' title='bbox 648 1246 857 1296; x_wconf 70' lang='lat' dir='ltr'>adversae</span> <span class='ocrx_word' id='word_1_90' title='bbox 881 1244 966 1295; x_wconf 89' lang='lat' dir='ltr'>ubi</span> <span class='ocrx_word' id='word_1_91' title='bbox 997 1244 1101 1310; x_wconf 85' lang='lat' dir='ltr'>plus</span> <span class='ocrx_word' id='word_1_92' title='bbox 1134 1247 1280 1295; x_wconf 87' lang='lat' dir='ltr'>nimis</span> <span class='ocrx_word' id='word_1_93' title='bbox 1321 1247 1594 1297; x_wconf 86' lang='lat' dir='ltr'>consultum</span> <span class='ocrx_word' id='word_1_94' title='bbox 1638 1247 1725 1302; x_wconf 87' lang='lat' dir='ltr'>est.</span> 
     </span>
     <span class='ocr_line' id='line_1_14' title="bbox 492 1312 1723 1380; baseline -0.001 -16"><span class='ocrx_word' id='word_1_95' title='bbox 492 1313 569 1364; x_wconf 84' lang='lat' dir='ltr'>Sit</span> <span class='ocrx_word' id='word_1_96' title='bbox 588 1315 699 1363; x_wconf 86' lang='lat' dir='ltr'>alibi</span> <span class='ocrx_word' id='word_1_97' title='bbox 727 1314 982 1380; x_wconf 78' lang='lat' dir='ltr'>appellatio</span> <span class='ocrx_word' id='word_1_98' title='bbox 1005 1341 1024 1370; x_wconf 84' lang='grc'>,</span> <span class='ocrx_word' id='word_1_99' title='bbox 1066 1326 1168 1360; x_wconf 86' lang='lat' dir='ltr'>non</span> <span class='ocrx_word' id='word_1_100' title='bbox 1194 1314 1286 1363; x_wconf 81' lang='lat' dir='ltr'>hic.</span> <span class='ocrx_word' id='word_1_101' title='bbox 1351 1314 1481 1364; x_wconf 89' lang='lat' dir='ltr'>Non</span> <span class='ocrx_word' id='word_1_102' title='bbox 1518 1312 1723 1364; x_wconf 87' lang='lat' dir='ltr'>transeat</span> 
     </span>
     <span class='ocr_line' id='line_1_15' title="bbox 492 1377 1726 1443; baseline -0.002 -13"><span class='ocrx_word' id='word_1_103' title='bbox 492 1381 609 1430; x_wconf 84' lang='lat' dir='ltr'>alibi</span> <span class='ocrx_word' id='word_1_104' title='bbox 643 1382 695 1428; x_wconf 88' lang='lat' dir='ltr'>in</span> <span class='ocrx_word' id='word_1_105' title='bbox 734 1380 1003 1443; x_wconf 69' lang='lat' dir='ltr'>judicatum</span> <span class='ocrx_word' id='word_1_106' title='bbox 1046 1377 1302 1428; x_wconf 79' lang='lat' dir='ltr'>aestimatio</span> <span class='ocrx_word' id='word_1_107' title='bbox 1326 1413 1343 1437; x_wconf 64' lang='lat'>2</span> <span class='ocrx_word' id='word_1_108' title='bbox 1391 1380 1591 1430; x_wconf 87' lang='lat' dir='ltr'>transeat</span> <span class='ocrx_word' id='word_1_109' title='bbox 1613 1380 1726 1439; x_wconf 84' lang='lat' dir='ltr'>hic,</span> 
     </span>
     <span class='ocr_line' id='line_1_16' title="bbox 496 1445 1729 1512; baseline 0 -16"><span class='ocrx_word' id='word_1_110' title='bbox 496 1448 583 1496; x_wconf 86' lang='lat' dir='ltr'>ubi</span> <span class='ocrx_word' id='word_1_111' title='bbox 607 1446 732 1497; x_wconf 69' lang='lat' dir='ltr'>fasta</span> <span class='ocrx_word' id='word_1_112' title='bbox 756 1463 838 1511; x_wconf 87' lang='lat' dir='ltr'>per</span> <span class='ocrx_word' id='word_1_113' title='bbox 865 1445 1124 1509; x_wconf 84' lang='lat' dir='ltr'>deputatos</span> <span class='ocrx_word' id='word_1_114' title='bbox 1151 1447 1392 1511; x_wconf 75' lang='lat' dir='ltr'>partium,</span> <span class='ocrx_word' id='word_1_115' title='bbox 1424 1447 1481 1496; x_wconf 88' lang='lat'>&amp;</span> <span class='ocrx_word' id='word_1_116' title='bbox 1509 1463 1595 1511; x_wconf 87' lang='lat' dir='ltr'>per</span> <span class='ocrx_word' id='word_1_117' title='bbox 1618 1461 1729 1512; x_wconf 84' lang='lat' dir='ltr'>par-</span> 
     </span>
     <span class='ocr_line' id='line_1_17' title="bbox 495 1505 1733 1575; baseline 0.001 -12"><span class='ocrx_word' id='word_1_118' title='bbox 495 1525 594 1572; x_wconf 60' lang='lat' dir='ltr'>tes,</span> <span class='ocrx_word' id='word_1_119' title='bbox 629 1514 771 1563; x_wconf 82' lang='lat' dir='ltr'>tacite</span> <span class='ocrx_word' id='word_1_120' title='bbox 793 1513 988 1566; x_wconf 79' lang='lat' dir='ltr'>saltem,</span> <span class='ocrx_word' id='word_1_121' title='bbox 1022 1505 1340 1575; x_wconf 68' lang='lat' dir='ltr'>comprobata</span> <span class='ocrx_word' id='word_1_122' title='bbox 1360 1510 1459 1571; x_wconf 83' lang='lat' dir='ltr'>est,</span> <span class='ocrx_word' id='word_1_123' title='bbox 1493 1513 1572 1562; x_wconf 88' lang='lat' dir='ltr'>hic</span> <span class='ocrx_word' id='word_1_124' title='bbox 1598 1525 1733 1565; x_wconf 85' lang='lat' dir='ltr'>tran·-</span> 
     </span>
     <span class='ocr_line' id='line_1_18' title="bbox 497 1578 1732 1644; baseline 0.001 -15"><span class='ocrx_word' id='word_1_125' title='bbox 497 1580 624 1631; x_wconf 81' lang='lat' dir='ltr'>fierit</span> <span class='ocrx_word' id='word_1_126' title='bbox 648 1582 699 1629; x_wconf 90' lang='lat' dir='ltr'>in</span> <span class='ocrx_word' id='word_1_127' title='bbox 716 1578 1018 1644; x_wconf 77' lang='lat' dir='ltr'>judicatum,</span> <span class='ocrx_word' id='word_1_128' title='bbox 1049 1591 1112 1624; x_wconf 91' lang='lat' dir='ltr'>ne</span> <span class='ocrx_word' id='word_1_129' title='bbox 1135 1578 1216 1628; x_wconf 83' lang='lat' dir='ltr'>fiat</span> <span class='ocrx_word' id='word_1_130' title='bbox 1242 1593 1383 1628; x_wconf 81' lang='lat' dir='ltr'>mora</span> <span class='ocrx_word' id='word_1_131' title='bbox 1409 1579 1549 1628; x_wconf 86' lang='lat' dir='ltr'>rebus</span> <span class='ocrx_word' id='word_1_132' title='bbox 1576 1610 1594 1637; x_wconf 85' lang='lat'>‚</span> <span class='ocrx_word' id='word_1_133' title='bbox 1625 1596 1732 1630; x_wconf 87' lang='lat' dir='ltr'>non</span> 
     </span>
     <span class='ocr_line' id='line_1_19' title="bbox 497 1642 1732 1711; baseline -0.001 -14"><span class='ocrx_word' id='word_1_134' title='bbox 497 1647 764 1700; x_wconf 85' lang='lat' dir='ltr'>ferentibus</span> <span class='ocrx_word' id='word_1_135' title='bbox 790 1662 993 1695; x_wconf 84' lang='lat' dir='ltr'>moram.</span> <span class='ocrx_word' id='word_1_136' title='bbox 1063 1642 1142 1692; x_wconf 90' lang='lat' dir='ltr'>Sic</span> <span class='ocrx_word' id='word_1_137' title='bbox 1164 1643 1338 1709; x_wconf 86' lang='lat' dir='ltr'>absque</span> <span class='ocrx_word' id='word_1_138' title='bbox 1359 1644 1464 1695; x_wconf 86' lang='lat' dir='ltr'>ullis</span> <span class='ocrx_word' id='word_1_139' title='bbox 1486 1647 1732 1711; x_wconf 85' lang='lat' dir='ltr'>allegatio-</span> 
     </span>
     <span class='ocr_line' id='line_1_20' title="bbox 497 1710 1733 1780; baseline -0.001 -16"><span class='ocrx_word' id='word_1_140' title='bbox 497 1715 645 1764; x_wconf 87' lang='lat' dir='ltr'>nibus</span> <span class='ocrx_word' id='word_1_141' title='bbox 658 1715 763 1764; x_wconf 84' lang='lat' dir='ltr'>viro</span> <span class='ocrx_word' id='word_1_142' title='bbox 779 1713 1086 1775; x_wconf 84' lang='lat' dir='ltr'>undiquaque</span> <span class='ocrx_word' id='word_1_143' title='bbox 1102 1710 1372 1766; x_wconf 64' lang='lat' dir='ltr'>doctiffimo</span> <span class='ocrx_word' id='word_1_144' title='bbox 1385 1743 1403 1773; x_wconf 70' lang='lat'><em>2</em></span> <span class='ocrx_word' id='word_1_145' title='bbox 1426 1713 1483 1764; x_wconf 86' lang='lat'>&amp;</span> <span class='ocrx_word' id='word_1_146' title='bbox 1504 1714 1611 1780; x_wconf 87' lang='lat' dir='ltr'>post</span> <span class='ocrx_word' id='word_1_147' title='bbox 1622 1714 1733 1765; x_wconf 84' lang='lat' dir='ltr'>alias</span> 
     </span>
     <span class='ocr_line' id='line_1_21' title="bbox 499 1779 1063 1846; baseline -0.004 -17"><span class='ocrx_word' id='word_1_148' title='bbox 499 1781 808 1846; x_wconf 80' lang='lat' dir='ltr'>allegationes</span> <span class='ocrx_word' id='word_1_149' title='bbox 823 1779 1063 1830; x_wconf 86' lang='lat' dir='ltr'>hesternas</span> 
     </span>
    </p>
   </div>
   <div class='ocr_carea' id='block_1_3' title="bbox 820 1974 1408 2030">
    <p class='ocr_par' dir='ltr' id='par_1_3' title="bbox 820 1974 1408 2030">
     <span class='ocr_line' id='line_1_22' title="bbox 820 1974 1408 2030; baseline 0 -2"><span class='ocrx_word' id='word_1_150' title='bbox 820 1975 1133 2030; x_wconf 75' lang='lat' dir='ltr'><strong>CAPUT</strong></span> <span class='ocrx_word' id='word_1_151' title='bbox 1200 1974 1408 2029; x_wconf 88' lang='lat' dir='ltr'><strong>XXII.</strong></span> 
     </span>
    </p>
   </div>
   <div class='ocr_carea' id='block_1_4' title="bbox 544 2093 1692 2257">
    <p class='ocr_par' dir='ltr' id='par_1_4' title="bbox 544 2093 1692 2257">
     <span class='ocr_line' id='line_1_23' title="bbox 544 2093 1692 2174; baseline 0.001 -25"><span class='ocrx_word' id='word_1_152' title='bbox 544 2093 769 2174; x_wconf 85' lang='lat' dir='ltr'>Epistola</span> <span class='ocrx_word' id='word_1_153' title='bbox 784 2095 845 2152; x_wconf 88' lang='lat' dir='ltr'>ad</span> <span class='ocrx_word' id='word_1_154' title='bbox 860 2093 1226 2171; x_wconf 86' lang='lat' dir='ltr'>Theologum,</span> <span class='ocrx_word' id='word_1_155' title='bbox 1242 2094 1486 2170; x_wconf 60' lang='lat' dir='ltr'>Legatoa</span> <span class='ocrx_word' id='word_1_156' title='bbox 1503 2093 1692 2160; x_wconf 82' lang='lat' dir='ltr'>Sacris,</span> 
     </span>
     <span class='ocr_line' id='line_1_24' title="bbox 778 2188 1456 2257; baseline 0.004 -18"><span class='ocrx_word' id='word_1_157' title='bbox 778 2189 969 2257; x_wconf 78' lang='lat' dir='ltr'>suadet,</span> <span class='ocrx_word' id='word_1_158' title='bbox 997 2190 1128 2243; x_wconf 73' lang='lat' dir='ltr'>‘vendi</span> <span class='ocrx_word' id='word_1_159' title='bbox 1149 2206 1216 2242; x_wconf 80' lang='lat' dir='ltr'>res</span> <span class='ocrx_word' id='word_1_160' title='bbox 1239 2188 1456 2257; x_wconf 53' lang='lat' dir='ltr'>litssicvs&#39;aae.</span> 
     </span>
    </p>
   </div>
   <div class='ocr_carea' id='block_1_5' title="bbox 507 2323 1738 2986">
    <p class='ocr_par' dir='ltr' id='par_1_5' title="bbox 507 2323 1738 2986">
     <span class='ocr_line' id='line_1_25' title="bbox 516 2323 1731 2436; baseline 0 -62"><span class='ocrx_word' id='word_1_161' title='bbox 516 2323 619 2436; x_wconf 82' lang='lat' dir='ltr'>SI</span> <span class='ocrx_word' id='word_1_162' title='bbox 642 2324 808 2374; x_wconf 85' lang='lat' dir='ltr'>venire</span> <span class='ocrx_word' id='word_1_163' title='bbox 831 2324 1013 2390; x_wconf 79' lang='lat' dir='ltr'>possem</span> <span class='ocrx_word' id='word_1_164' title='bbox 1041 2325 1167 2391; x_wconf 76' lang='lat' dir='ltr'>ipse,</span> <span class='ocrx_word' id='word_1_165' title='bbox 1200 2325 1398 2375; x_wconf 87' lang='lat' dir='ltr'>nonhas</span> <span class='ocrx_word' id='word_1_166' title='bbox 1421 2325 1542 2385; x_wconf 87' lang='lat' dir='ltr'>adte</span> <span class='ocrx_word' id='word_1_167' title='bbox 1556 2325 1731 2385; x_wconf 83' lang='lat' dir='ltr'>scribe·</span> 
     </span>
     <span class='ocr_line' id='line_1_26' title="bbox 597 2391 1738 2462; baseline 0.001 -22"><span class='ocrx_word' id='word_1_168' title='bbox 597 2407 716 2440; x_wconf 86' lang='lat' dir='ltr'>rem.</span> <span class='ocrx_word' id='word_1_169' title='bbox 746 2391 805 2440; x_wconf 93' lang='lat' dir='ltr'>N</span> <span class='ocrx_word' id='word_1_170' title='bbox 808 2408 884 2441; x_wconf 87' lang='lat' dir='ltr'>arn</span> <span class='ocrx_word' id='word_1_171' title='bbox 909 2394 1057 2442; x_wconf 87' lang='lat' dir='ltr'>literae</span> <span class='ocrx_word' id='word_1_172' title='bbox 1084 2408 1188 2441; x_wconf 88' lang='lat' dir='ltr'>non</span> <span class='ocrx_word' id='word_1_173' title='bbox 1214 2393 1531 2462; x_wconf 61' lang='lat' dir='ltr'>respondent,</span> <span class='ocrx_word' id='word_1_174' title='bbox 1564 2392 1597 2441; x_wconf 85' lang='lat' dir='ltr'><strong>fi</strong></span> <span class='ocrx_word' id='word_1_175' title='bbox 1620 2394 1738 2459; x_wconf 89' lang='lat' dir='ltr'>quid</span> 
     </span>
     <span class='ocr_line' id='line_1_27' title="bbox 508 2458 1735 2524; baseline 0.002 -18"><span class='ocrx_word' id='word_1_176' title='bbox 508 2459 740 2521; x_wconf 81' lang='lat' dir='ltr'>excipitur</span> <span class='ocrx_word' id='word_1_177' title='bbox 751 2470 917 2508; x_wconf 86' lang='lat' dir='ltr'>contra</span> <span class='ocrx_word' id='word_1_178' title='bbox 932 2476 941 2507; x_wconf 89' lang='lat'>:</span> <span class='ocrx_word' id='word_1_179' title='bbox 958 2460 1013 2509; x_wconf 88' lang='lat'>&amp;</span> <span class='ocrx_word' id='word_1_180' title='bbox 1025 2458 1356 2523; x_wconf 86' lang='lat' dir='ltr'>responderem</span> <span class='ocrx_word' id='word_1_181' title='bbox 1370 2459 1467 2524; x_wconf 85' lang='lat' dir='ltr'>ipse</span> <span class='ocrx_word' id='word_1_182' title='bbox 1482 2471 1647 2509; x_wconf 88' lang='lat' dir='ltr'>tamen</span> <span class='ocrx_word' id='word_1_183' title='bbox 1663 2493 1676 2510; x_wconf 85' lang='lat'><em>‚</em></span> <span class='ocrx_word' id='word_1_184' title='bbox 1701 2458 1735 2509; x_wconf 79' lang='lat' dir='ltr'><strong>fi</strong></span> 
     </span>
     <span class='ocr_line' id='line_1_28' title="bbox 507 2524 1735 2592; baseline 0 -19"><span class='ocrx_word' id='word_1_185' title='bbox 507 2525 626 2589; x_wconf 86' lang='lat' dir='ltr'>quid</span> <span class='ocrx_word' id='word_1_186' title='bbox 641 2524 849 2574; x_wconf 80' lang='lat' dir='ltr'>dicerem</span> <span class='ocrx_word' id='word_1_187' title='bbox 862 2541 1024 2575; x_wconf 88' lang='lat' dir='ltr'>coram</span> <span class='ocrx_word' id='word_1_188' title='bbox 1041 2557 1064 2584; x_wconf 88' lang='grc'>,.</span> <span class='ocrx_word' id='word_1_189' title='bbox 1090 2542 1180 2575; x_wconf 86' lang='lat' dir='ltr'>nec</span> <span class='ocrx_word' id='word_1_190' title='bbox 1192 2526 1241 2575; x_wconf 89' lang='lat' dir='ltr'>id</span> <span class='ocrx_word' id='word_1_191' title='bbox 1260 2526 1445 2590; x_wconf 88' lang='lat' dir='ltr'>judicio</span> <span class='ocrx_word' id='word_1_192' title='bbox 1461 2539 1547 2576; x_wconf 91' lang='lat' dir='ltr'>tuo</span> <span class='ocrx_word' id='word_1_193' title='bbox 1557 2525 1735 2592; x_wconf 82' lang='lat' dir='ltr'>perspi-</span> 
     </span>
     <span class='ocr_line' id='line_1_29' title="bbox 508 2590 1735 2657; baseline 0.002 -18"><span class='ocrx_word' id='word_1_194' title='bbox 508 2591 752 2640; x_wconf 69' lang='lat' dir='ltr'>caciffimo</span> <span class='ocrx_word' id='word_1_195' title='bbox 769 2590 872 2641; x_wconf 88' lang='lat' dir='ltr'>satis</span> <span class='ocrx_word' id='word_1_196' title='bbox 888 2592 1076 2657; x_wconf 87' lang='lat' dir='ltr'>probari</span> <span class='ocrx_word' id='word_1_197' title='bbox 1099 2592 1353 2643; x_wconf 88' lang='lat' dir='ltr'>videretur.</span> <span class='ocrx_word' id='word_1_198' title='bbox 1394 2592 1492 2642; x_wconf 87' lang='lat' dir='ltr'>Sed</span> <span class='ocrx_word' id='word_1_199' title='bbox 1519 2592 1582 2642; x_wconf 85' lang='lat' dir='ltr'>fic</span> <span class='ocrx_word' id='word_1_200' title='bbox 1605 2593 1735 2642; x_wconf 85' lang='lat' dir='ltr'>acci·</span> 
     </span>
     <span class='ocr_line' id='line_1_30' title="bbox 508 2657 1734 2725; baseline 0.001 -19"><span class='ocrx_word' id='word_1_201' title='bbox 508 2658 611 2712; x_wconf 86' lang='lat' dir='ltr'>dit,</span> <span class='ocrx_word' id='word_1_202' title='bbox 642 2671 693 2706; x_wconf 90' lang='lat' dir='ltr'>ut</span> <span class='ocrx_word' id='word_1_203' title='bbox 707 2657 841 2705; x_wconf 88' lang='lat' dir='ltr'>domi</span> <span class='ocrx_word' id='word_1_204' title='bbox 856 2675 941 2724; x_wconf 87' lang='lat' dir='ltr'>per</span> <span class='ocrx_word' id='word_1_205' title='bbox 965 2658 1287 2708; x_wconf 83' lang='lat' dir='ltr'>valetudinem</span> <span class='ocrx_word' id='word_1_206' title='bbox 1313 2673 1458 2725; x_wconf 87' lang='lat' dir='ltr'>cogar</span> <span class='ocrx_word' id='word_1_207' title='bbox 1477 2673 1558 2708; x_wconf 82' lang='lat' dir='ltr'>me</span> <span class='ocrx_word' id='word_1_208' title='bbox 1575 2660 1734 2708; x_wconf 85' lang='lat' dir='ltr'>conti-</span> 
     </span>
     <span class='ocr_line' id='line_1_31' title="bbox 509 2723 1730 2791; baseline 0.002 -18"><span class='ocrx_word' id='word_1_209' title='bbox 509 2740 641 2774; x_wconf 81' lang='lat' dir='ltr'>nere.</span> <span class='ocrx_word' id='word_1_210' title='bbox 683 2723 811 2773; x_wconf 89' lang='lat' dir='ltr'>Ettu</span> <span class='ocrx_word' id='word_1_211' title='bbox 827 2725 1065 2790; x_wconf 85' lang='lat' dir='ltr'>igiturpro</span> <span class='ocrx_word' id='word_1_212' title='bbox 1082 2725 1380 2775; x_wconf 85' lang='lat' dir='ltr'>humanitate</span> <span class='ocrx_word' id='word_1_213' title='bbox 1393 2727 1641 2791; x_wconf 83' lang='lat' dir='ltr'>tualeges,</span> <span class='ocrx_word' id='word_1_214' title='bbox 1673 2727 1730 2775; x_wconf 74' lang='grc' dir='ltr'>δε</span> 
     </span>
     <span class='ocr_line' id='line_1_32' title="bbox 507 2791 1736 2854; baseline 0 -14"><span class='ocrx_word' id='word_1_215' title='bbox 507 2791 714 2840; x_wconf 80' lang='lat' dir='ltr'>tueberis</span> <span class='ocrx_word' id='word_1_216' title='bbox 755 2804 843 2854; x_wconf 89' lang='lat' dir='ltr'>pro</span> <span class='ocrx_word' id='word_1_217' title='bbox 891 2791 1160 2841; x_wconf 87' lang='lat' dir='ltr'>eruditione</span> <span class='ocrx_word' id='word_1_218' title='bbox 1208 2791 1487 2841; x_wconf 84' lang='lat' dir='ltr'>sententiam</span> <span class='ocrx_word' id='word_1_219' title='bbox 1523 2807 1682 2840; x_wconf 89' lang='lat' dir='ltr'>meam</span> <span class='ocrx_word' id='word_1_220' title='bbox 1715 2823 1736 2846; x_wconf 91' lang='lat'><em>,</em></span> 
     </span>
     <span class='ocr_line' id='line_1_33' title="bbox 512 2855 1734 2986; baseline 0.003 -80"><span class='ocrx_word' id='word_1_221' title='bbox 512 2873 662 2922; x_wconf 79' lang='lat' dir='ltr'>quam</span> <span class='ocrx_word' id='word_1_222' title='bbox 683 2855 835 2908; x_wconf 83' lang='lat' dir='ltr'>scribo</span> <span class='ocrx_word' id='word_1_223' title='bbox 868 2859 944 2912; x_wconf 85' lang='lat' dir='ltr'>vel</span> <span class='ocrx_word' id='word_1_224' title='bbox 969 2858 1126 2926; x_wconf 87' lang='lat' dir='ltr'>potius</span> <span class='ocrx_word' id='word_1_225' title='bbox 1143 2857 1286 2973; x_wconf 52' lang='lat' dir='ltr'>&amp;icto</span> <span class='ocrx_word' id='word_1_226' title='bbox 1312 2860 1364 2910; x_wconf 90' lang='lat' dir='ltr'>in</span> <span class='ocrx_word' id='word_1_227' title='bbox 1390 2859 1555 2986; x_wconf 73' lang='lat' dir='ltr'>priore(</span> <span class='ocrx_word' id='word_1_228' title='bbox 1576 2859 1734 2923; x_wconf 86' lang='lat' dir='ltr'>capite</span> 
     </span>
    </p>

    <p class='ocr_par' dir='ltr' id='par_1_6' title="bbox 1227 2938 1724 2985">
     <span class='ocr_line' id='line_1_34' title="bbox 1227 2938 1724 2985; baseline 0 -11"><span class='ocrx_word' id='word_1_229' title='bbox 1227 2938 1252 2980; x_wconf 84' lang='lat'><em>5</em></span> <span class='ocrx_word' id='word_1_230' title='bbox 1572 2939 1724 2985; x_wconf 86' lang='lat' dir='ltr'>quan-</span> 
     </span>
    </p>
   </div>
  </div>
 </body>
</html>
