2396 3587
571 481 669 529 230
806 466 1145 514 Anat-:tuci
1193 459 1542 509 GEN'rxms

569 545 692 593 verit
707 542 934 592 dominus
949 542 1098 593 Iudex
1114 572 1131 599 ‚
1162 534 1262 590 illas
1274 540 1391 590 οᾶο
1406 542 1640 604 pertinere
1651 536 1707 588 ad
1721 551 1806 603 pe·-

572 612 764 668 titores,
800 610 958 660 &illae
973 611 1244 675 pertineant
1276 625 1285 655 z
1322 623 1381 655 an
1405 608 1532 655 illico
1559 605 1806 654 restituen-

573 678 656 726 das
681 676 858 726 eisdem
886 677 1108 725 decernet
1132 676 1151 722 Ρ
1184 673 1319 739 Qd
1346 674 1407 721 de
1429 671 1809 736 sumptibusfiet

573 745 750 806 igitur,
785 742 999 807 quifaCti
1025 741 1174 790 inlice
1200 738 1564 787 suntadomino
1593 734 1810 803 Legato?

574 809 708 874 Qid
725 809 755 857 fi
770 810 984 873 sumptus
999 824 1128 872 pares
1144 809 1252 855 sunt
1265 804 1417 854 valori
1441 805 1666 854 omnium
1683 820 1813 852 mer-

576 877 745 925 cium?
777 875 910 940 Qd
927 874 957 922 si
973 873 1231 923 antistent?
1265 871 1430 921 Authi
1445 870 1574 920 casus
1587 886 1689 919 non
1703 869 1812 918 sunt:

578 943 628 989 in
642 941 805 990 litibus
829 939 1221 1005 frequentiffimi?
1254 936 1306 986 Si
1320 936 1496 987 tantisu
1505 951 1557 985 nt
1569 936 1780 1000 sumptus
1793 966 1812 994 2

578 1010 831 1071 negotium
848 1008 1000 1057 adhuc
1011 1006 1142 1071 geffit
1155 1005 1382 1054 dominus
1394 1003 1606 1069 Legatus
1619 1004 1815 1065 utiliter,

587 1077 671 1137 qui
696 1076 869 1138 eripuit
894 1089 1072 1124 merces
1086 1071 1319 1129 hostibus.
1355 1070 1545 1119 Vacant
1567 1068 1646 1118 hic
1670 1068 1814 1118 versi-

583 1140 682 1190 culi
707 1140 966 1190 Martialis:
1005 1140 1050 1190 ὅ
1067 1139 1205 1190 Iudex
1218 1138 1327 1203 petit
1341 1168 1357 1195 ,
1376 1135 1437 1189 a&
1444 1137 1551 1202 petit
1562 1138 1781 1186 Patronus
1798 1151 1815 1195 3

579 1206 760 1266 solvas,
793 1207 963 1272 cenfto,
996 1213 1156 1265 Sexte,
1189 1203 1395 1258 creditonl
1441 1204 1572 1253 Duae
1604 1218 1815 1267 namque

582 1273 1351 1338 suntspecicslucmndiabhoste:
1384 1272 1522 1336 plena
1539 1287 1665 1330 una,
1699 1285 1816 1319 cum

586 1342 642 1390 &
667 1342 756 1389 illis
782 1342 1206 1391 incommodamus
1228 1370 1247 1394 ,
1280 1339 1333 1388 &
1361 1338 1501 1387 nobis
1529 1335 1818 1388 commoda-

582 1424 694 1456 mus
732 1428 746 1467 3
780 1409 919 1457 altera
947 1407 1202 1472 semiplena
1227 1437 1243 1463 ,
1274 1421 1391 1454 cum
1418 1405 1507 1454 illis
1534 1406 1819 1454 incommo-

585 1474 756 1522 damus
774 1475 939 1523 solum.
972 1473 1108 1523 Perat
1122 1472 1349 1520 dominus
1365 1470 1448 1521 iste
1459 1469 1578 1519 octo
1593 1470 1817 1521 cistarum

583 1542 822 1591 rationem
848 1541 1049 1593 istorum
1072 1539 1347 1604 sumptuum
1374 1538 1400 1585 a
1423 1537 1631 1587 domino
1658 1537 1820 1603 Lega-

584 1620 640 1655 to
677 1623 686 1655 :
722 1607 772 1656 &
813 1609 1014 1672 accipiet
1036 1638 1052 1663 ,
1089 1623 1203 1656 cum
1229 1621 1350 1670 opus
1385 1604 1525 1653 fuerit
1549 1638 1565 1664 ,
1599 1620 1714 1676 cum
1739 1604 1819 1653 alii

584 1673 776 1721 domini
793 1676 1076 1736 reliquarum
1091 1673 1314 1723 cistarum
1328 1669 1543 1722 aderunt.
1586 1671 1711 1720 Non
1729 1686 1819 1736 pu-

591 1753 660 1789 tat
679 1739 1015 1789 Illustriffimus
1034 1741 1244 1806 Legatus
1265 1738 1468 1803 justum,
1485 1739 1536 1789 &
1551 1754 1640 1788 nec
1652 1737 1721 1787 est
1739 1737 1821 1800 ju-

590 1806 714 1856 stum
731 1838 747 1863 ‚
782 1822 833 1855 ut
848 1806 931 1856 iste
949 1823 1070 1864 unus
1087 1808 1396 1872 paucularum
1413 1806 1633 1855 cistarum
1658 1804 1821 1853 dorni-

586 1890 675 1923 nus
689 1874 865 1936 separet
880 1874 922 1922 se
938 1907 955 1932 >
991 1874 1042 1922 ὃ(
1056 1874 1336 1939 particulam
1350 1873 1477 1923 hanc
1491 1873 1619 1922 suam
1636 1872 1662 1920 a
1679 1885 1824 1921 caete·

590 1943 666 1988 ris.
702 1941 836 1988 Nam
856 1941 906 1988 ὅ(
921 1940 1196 2003 conjunctis
1211 1941 1434 1990 omnium
1448 1941 1626 1989 viribus
1639 1939 1823 1989 facilius

589 2006 844 2056 obfistetur
872 2007 1214 2071 praedatoribus
1242 2039 1258 2065 ‚
1303 2008 1385 2071 qui
1409 2006 1628 2056 nondum
1652 2003 1824 2054 emise-

593 2087 704 2123 runt
732 2073 791 2121 de
815 2073 1031 2122 faucibus
1061 2075 1187 2123 hanc
1214 2074 1443 2138 praedam.
1505 2072 1639 2140 Qd
1665 2071 1697 2120 fi
1733 2071 1823 2121 iste

594 2153 676 2189 aut
691 2139 841 2198 nolit,
875 2153 1068 2189 autnon
1084 2141 1217 2205 poffit
1232 2140 1353 2189 solus
1368 2141 1417 2187 in
1433 2140 1513 2189 lite
1538 2138 1820 2189 consistere:

591 2207 648 2257 &
678 2207 751 2254 vel
780 2206 1003 2272 transigat
1030 2223 1142 2256 cum
1178 2207 1550 2273 praedatoribus,
1586 2206 1664 2255 vel
1689 2206 1823 2256 aliter

593 2286 777 2338 partem
804 2274 897 2326 illis
913 2274 1179 2339 relinquat?
1212 2290 1314 2322 non
1329 2273 1436 2322 haec
1463 2274 1585 2323 ferre
1611 2272 1822 2338 Legatus

593 2340 736 2388 habet
765 2370 782 2394 ‚
816 2356 901 2404 per
929 2357 1038 2405 quae
1070 2337 1345 2405 acquiratur
1371 2339 1587 2395 hostibus
1621 2340 1818 2404 aliquid.

592 2406 781 2455 Audiat
816 2406 1077 2472 (fiplacet)
1113 2408 1341 2456 dominus
1367 2404 1515 2456 Iudex
1530 2406 1624 2455 hoc
1638 2421 1819 2456 unum:

590 2471 679 2521 iste
691 2473 920 2523 dominus
946 2473 1063 2523 οᾶο
1077 2474 1298 2524 cistarum
1325 2475 1545 2523 amittere
1557 2490 1632 2522 eas
1644 2489 1817 2522 omnes

591 2538 739 2602 debet
771 2542 879 2603 jure
910 2572 928 2598 ,
960 2543 1042 2604 qui
1066 2557 1143 2590 eas
1178 2540 1477 2590 Hollandico
1504 2539 1622 2590 tradi
1654 2539 1823 2603 jubet,

596 2618 652 2653 ut
690 2606 753 2655 fic
787 2608 913 2669 leges
947 2607 1053 2657 sunt
1085 2607 1238 2673 Regis
1273 2606 1618 2671 Hispaniarum
1650 2603 1670 2667 ’ς
1704 2623 1824 2672 quas

594 2686 764 2721 contra
779 2672 1019 2723 subditum
1039 2676 1063 2723 s
1059 2691 1173 2723 uum
1191 2674 1438 2724 servandas
1461 2673 1586 2723 dicet
1609 2672 1825 2739 Legatus

592 2735 942 2789 Illustriffimus.
1014 2741 1357 2790 Affcntieturis
1380 2757 1466 2805 pro
1480 2737 1700 2805 suaparte
1727 2740 1821 2789 illic

593 2801 790 2855 decreto
804 2806 992 2856 domini
1009 2808 1182 2870 judicis
1196 2840 1212 2868 ,
1243 2809 1325 2855 ubi
1342 2808 1437 2856 illae
1452 2807 1567 2856 octo
1593 2807 1720 2857 cistae
1735 2805 1820 2855 de-

588 2870 833 2925 clarantur
846 2871 939 2924 effe
951 2875 1182 2939 petitoris.
1197 2907 1202 2913 ν
1216 2874 1511 2925 Affentietur
1523 2889 1612 2940 pro
1624 2873 1700 2924 sua
1711 2889 1817 2939 par-

1736 2953 1815 2999 te,
