2396 3587
637 492 734 528 110
887 479 1230 538 Aananrcr
1264 469 1628 523 Gau-rurs

630 559 697 611 fic
730 557 925 616 scribit,
956 552 1140 605 censeri
1172 551 1421 618 permissas
1453 553 1703 619 padiiones
1743 565 1862 602 cum

629 625 973 695 praedonibus,
1004 622 1123 687 quia
1149 635 1242 670 nec
1255 620 1350 670 ulla
1368 620 1555 670 inhibet
1576 621 1646 669 eis
1670 620 1761 669 lex.
1796 618 1863 669 Et

631 693 732 761 ipse
763 692 829 742 fic
863 689 1077 739 Alciatus
1100 686 1284 736 censuit
1303 717 1322 741 ,
1355 700 1500 755 atque
1535 686 1727 746 scribit,
1759 700 1863 736 non

632 756 925 827 privandum
937 757 1139 822 piratam
1154 754 1253 803 ullo
1258 755 1368 820 juve
1374 787 1393 815 ,
1426 772 1528 821 quo
1541 753 1750 822 expresse
1763 752 1864 819 pri-

632 840 770 879 vatus
794 825 874 875 ille
897 840 983 892 per
995 821 1124 888 leges
1139 821 1337 873 nonest.
1372 821 1542 873 Altera
1554 838 1672 872 vero
1685 835 1866 887 propo-

632 895 744 945 fitio
783 892 884 951 est,
914 906 1061 957 quam
1100 902 1274 954 urgent
1311 888 1600 940 adversariit
1638 888 1692 938 &
1716 901 1865 954 quam

629 978 723 1013 nos
746 973 911 1010 tamen
938 956 1223 1023 negabimus
1245 955 1382 1007 serie.
1458 956 1613 1007 Unde
1636 956 1691 1007 &
1712 969 1867 1021 argu·-

633 1041 858 1079 mentum
897 1024 1219 1075 conficiemus
1242 1036 1498 1090 quartumz
1532 1023 1639 1074 Res
1663 1036 1855 1088 empta,

629 1112 741 1162 quae
762 1092 980 1144 nonfuit
1004 1106 1064 1141 ex
1096 1091 1273 1156 raptis,
1308 1092 1596 1142 retinebitur
1625 1089 1866 1156 emptori3

633 1177 687 1213 ut
710 1162 784 1213 est·
798 1175 889 1228 pro
920 1171 1056 1209 certo
1081 1157 1137 1209 &
1159 1157 1516 1208 indubitatum:
1549 1157 1647 1209 Sed
1672 1173 1774 1209 non
1796 1154 1867 1206 est

632 1246 693 1280 ex
716 1231 890 1293 raptis,
916 1224 1054 1292 quod
1087 1240 1221 1275 nunc
1254 1225 1640 1292 petitVenetus:
1673 1240 1792 1290 ergo
1815 1221 1867 1283 id

631 1296 915 1348 retinebitur
935 1293 1160 1359 emptori.
1193 1292 1260 1343 Et
1285 1294 1528 1343 minorem
1552 1292 1756 1359 probare
1778 1290 1869 1341 fal-

632 1363 732 1414 sam
759 1362 904 1413 debet
933 1358 1169 1410 Venetus.
1212 1358 1320 1426 Ipse
1363 1360 1665 1411 identitatem
1702 1373 1866 1410 rerum

434 1445 457 1472 t
472 1431 568 1471 alex
583 1432 619 1468 ⁶·
639 1430 838 1496 probare
850 1427 1014 1479 debet.
1077 1423 1097 1450 ‘³
1114 1426 1371 1478 Probanda
1383 1428 1451 1478 est
1465 1428 1689 1478 identitas
1702 1427 1762 1476 ab
1786 1441 1869 1480 eo,

433 1482 623 1579 2⁰Jssf²¹³93j
638 1499 722 1564 qui
745 1499 796 1547 in
823 1495 921 1562 ipsa
943 1494 1056 1544 facit
1077 1492 1472 1546 fundamentum.
1540 1494 1560 1531 f
1580 1494 1741 1544 Etiam
1755 1493 1869 1544 arti-

435 1587 600 1623 Memch.
639 1564 854 1613 eulanda.
884 1573 967 1612 aut
998 1558 1195 1611 deficiet
1221 1561 1439 1612 Venetus
1466 1563 1516 1611 in
1543 1559 1727 1612 salutari
1749 1559 1870 1620 suo,

438 1636 617 1683 2¹fi-495-
640 1633 753 1681 utin
767 1628 1118 1699 propofitohoc
1133 1629 1607 1694 Corneusloquitur.
1671 1628 1694 1667 g
1721 1627 1786 1678 Et
1797 1627 1869 1678 est

435 1687 574 1773 ’,ΘΖΕ
586 1689 622 1723 ⁶·
637 1695 885 1765 probanda
909 1696 1095 1745 duabus
1128 1699 1533 1747 concurrentibus
1570 1694 1870 1747 demonstra-

434 1748 472 1823 ξ,
486 1763 542 1834 2¹}-
558 1748 620 1823 2552
636 1766 851 1816 tionibus
866 1764 988 1813 ultra
1003 1764 1217 1814 nominis
1240 1764 1562 1815 identitatem.
1633 1764 1657 1800 h
1669 1760 1869 1814 Diffici-

439 1847 485 1882 27
635 1833 691 1883 lis
704 1846 864 1882 autem
879 1831 946 1881 est
961 1830 1040 1880 hic
1050 1831 1271 1895 probatio
1285 1862 1302 1890 ‚
1335 1847 1447 1881 cum
1464 1831 1526 1881 de
1541 1831 1681 1883 rebus
1692 1831 1869 1898 agitur,

431 1887 746 1984 {022m16}2quae
776 1912 971 1966 propter
990 1898 1194 1948 multam
1224 1898 1588 1949 similitudinem
1622 1913 1735 1949 cum
1764 1896 1869 1952 aliis

431 2001 485 2025 ,η
515 1967 560 2037 ’4,
636 1967 807 2030 speciei
829 1966 1038 2031 ejusdem
1072 1965 1353 2031 recognosci
1375 1965 1570 2034 possunt
1591 1964 1869 2017 difficiliter.

433 2052 460 2092 g
484 2040 575 2077 ‘Rar-
588 2039 621 2077 1.
635 2034 796 2085 Etiam
819 2031 1117 2099 impoffibilis
1149 2032 1324 2083 dicitur
1355 2034 1627 2102 recognitio
1661 2047 1868 2091 eorum,

429 2095 569 2177 “22²5
633 2117 745 2170 quae
761 2101 871 2151 sunt
890 2099 1173 2156 uniformia,
1195 2113 1249 2150 ut
1259 2099 1460 2160 fructus,
1488 2101 1649 2167 qualia
1668 2099 1750 2151 hic
1760 2099 1870 2150 sunt

420 2142 525 2243 ’βξ-η,
554 2166 1056 2230 ἦηᾸηςοῃῑτονετΕας
1089 2167 1295 2218 bombix
1320 2167 1532 2230 indicus,
1564 2168 1746 2218 fimilia.
1781 2165 1860 2216 O·

433 2253 491 2291 14·
517 2241 568 2277 de·
635 2234 823 2285 stendat
833 2233 1060 2297 Venetus
1073 2266 1089 2291 ,
1103 2233 1430 2286 Tunetanum
1445 2233 1704 2287 Praefidem
1722 2232 1865 2285 emis-

429 2289 611 2380 2245&
632 2302 680 2351 se
704 2303 812 2353 haec
836 2301 1144 2355 controversa
1172 2303 1235 2352 de
1257 2303 1437 2368 piratis:
1472 2304 1642 2371 piratas
1654 2296 1762 2352 haec
1787 2317 1871 2352 ea·

429 2371 531 2432 ωιὲ.
632 2368 747 2420 dem
773 2366 975 2433 rapuisse
999 2367 1060 2420 de
1080 2367 1302 2420 Venetis.
1375 2370 1462 2421 isi
1476 2370 1552 2420 vel
1566 2368 1780 2436 poffibile
1793 2368 1869 2428 fit,

427 2441 521 2489 eons.
534 2449 615 2477 202·
632 2435 768 2502 quod
779 2435 928 2486 effent
941 2437 1029 2486 alia
1045 2457 1060 2498 3
1092 2450 1219 2487 certe
1231 2452 1323 2487 nec
1339 2435 1398 2487 fit
1411 2438 1610 2502 probata
1632 2435 1872 2486 identitas.

429 2503 615 2584 ξ”ὠιζξζὸ
634 2517 749 2552 nam
775 2504 1089 2569 probationes
1115 2503 1295 2554 debent
1332 2504 1628 2555 concludere
1654 2501 1870 2553 necessa-

430 2594 537 2632 Μ),
563 2599 616 2628 te·
637 2570 726 2619 rio.
792 2569 859 2623 Et
894 2570 974 2620 hic
996 2571 1088 2621 alia
1109 2570 1180 2620 est
1203 2569 1475 2622 differentia
1498 2572 1624 2622 inter
1647 2568 1810 2619 casum
1825 2571 1870 2619 i-

424 2646 522 2698 pxm.
553 2654 618 2680 nu.
634 2635 792 2695 stum,
825 2637 883 2687 &
907 2652 1053 2701 quem
1079 2637 1218 2702 posui
1242 2651 1521 2704 emptorum
1545 2639 1598 2689 in
1632 2635 1869 2687 Barbaria.

435 2705 558 2791 322&
587 2756 603 2781 ι
636 2701 711 2752 Ibi
732 2701 800 2765 de⁴
815 2704 974 2767 piratis
996 2703 1106 2769 ipsis
1130 2719 1349 2769 emptum
1367 2738 1387 2767 ,
1418 2705 1550 2771 quod
1573 2717 1763 2769 raptum
1776 2719 1869 2770 pro

431 2760 618 2845 :onss4'612
634 2782 771 2820 certo
794 2769 1023 2836 Hispanis
1043 2783 1155 2820 erat.
1210 2771 1286 2822 Ibi
1309 2772 1532 2822 identitas
1571 2769 1782 2825 ostensa,
1814 2770 1870 2820 &

433 2849 545 2885 aaz.
635 2835 863 2886 confessa.
929 2835 1006 2885 Ibi
1033 2837 1215 2902 (hicest
1239 2839 1516 2903 punctum)
1551 2834 1867 2905 privilegium

637 2903 737 2954 fisci
760 2904 1012 2954 alienantis
1049 2904 1369 2971 objiciebatur
1403 2906 1559 2959 nobis.
1592 2917 1640 2958 at
1677 2918 1768 2956 nos
1790 2904 1871 2952 hic

1738 2971 1873 3035 leges
