<?xml version="1.0" encoding="UTF-8"?>
<!DOCTYPE html PUBLIC "-//W3C//DTD XHTML 1.0 Transitional//EN"
    "http://www.w3.org/TR/xhtml1/DTD/xhtml1-transitional.dtd">
<html xmlns="http://www.w3.org/1999/xhtml" xml:lang="en" lang="en">
 <head>
  <title>
</title>
<meta http-equiv="Content-Type" content="text/html;charset=utf-8" />
  <meta name='ocr-system' content='tesseract 3.04.00' />
  <meta name='ocr-capabilities' content='ocr_page ocr_carea ocr_par ocr_line ocrx_word'/>
</head>
<body>
  <div class='ocr_page' id='page_1' title='image "./hispanicaeadvoca01gentuoft_0151.png"; bbox 0 0 2396 3587; ppageno 0'>
   <div class='ocr_carea' id='block_1_1' title="bbox 718 443 1804 523">
    <p class='ocr_par' dir='ltr' id='par_1_1' title="bbox 718 443 1804 523">
     <span class='ocr_line' id='line_1_1' title="bbox 718 443 1804 523; baseline 0.014 -29"><span class='ocrx_word' id='word_1_1' title='bbox 718 443 1571 508; x_wconf 62' lang='lat' dir='ltr'>Htspm.A1&gt;v0cm.L11³</span> <span class='ocrx_word' id='word_1_2' title='bbox 1604 458 1642 507; x_wconf 92' lang='grc' dir='ltr'><strong>Ι.</strong></span> <span class='ocrx_word' id='word_1_3' title='bbox 1745 459 1804 523; x_wconf 85' lang='grc'><strong>87</strong></span> 
     </span>
    </p>
   </div>
   <div class='ocr_carea' id='block_1_2' title="bbox 567 528 2015 3020">
    <p class='ocr_par' dir='ltr' id='par_1_2' title="bbox 577 528 1804 606">
     <span class='ocr_line' id='line_1_2' title="bbox 577 528 1804 606; baseline 0.012 -30"><span class='ocrx_word' id='word_1_4' title='bbox 577 528 748 593; x_wconf 87' lang='lat' dir='ltr'><strong>quibus</strong></span> <span class='ocrx_word' id='word_1_5' title='bbox 762 530 823 579; x_wconf 95' lang='lat' dir='ltr'><strong>de</strong></span> <span class='ocrx_word' id='word_1_6' title='bbox 833 541 959 596; x_wconf 89' lang='lat' dir='ltr'><strong>gunt</strong></span> <span class='ocrx_word' id='word_1_7' title='bbox 978 562 995 591; x_wconf 72' lang='lat'>2</span> <span class='ocrx_word' id='word_1_8' title='bbox 1008 544 1152 597; x_wconf 86' lang='lat' dir='ltr'><strong>atque</strong></span> <span class='ocrx_word' id='word_1_9' title='bbox 1163 536 1396 587; x_wconf 79' lang='lat' dir='ltr'><strong>aetatibus.</strong></span> <span class='ocrx_word' id='word_1_10' title='bbox 1429 538 1491 588; x_wconf 91' lang='lat' dir='ltr'><strong>Et</strong></span> <span class='ocrx_word' id='word_1_11' title='bbox 1504 554 1620 588; x_wconf 89' lang='lat' dir='ltr'><strong>vero</strong></span> <span class='ocrx_word' id='word_1_12' title='bbox 1633 539 1694 589; x_wconf 86' lang='lat' dir='ltr'><strong>fic</strong></span> <span class='ocrx_word' id='word_1_13' title='bbox 1707 542 1804 606; x_wconf 86' lang='lat' dir='ltr'><strong>ipse</strong></span> 
     </span>
    </p>

    <p class='ocr_par' dir='ltr' id='par_1_3' title="bbox 576 595 1805 670">
     <span class='ocr_line' id='line_1_3' title="bbox 576 595 1805 670; baseline 0.012 -27"><span class='ocrx_word' id='word_1_14' title='bbox 576 608 739 644; x_wconf 88' lang='lat' dir='ltr'><strong>cautus</strong></span> <span class='ocrx_word' id='word_1_15' title='bbox 755 595 1072 664; x_wconf 75' lang='lat' dir='ltr'>Clarus‚apud</span> <span class='ocrx_word' id='word_1_16' title='bbox 1084 606 1200 650; x_wconf 83' lang='lat' dir='ltr'><strong>NOS</strong></span> <span class='ocrx_word' id='word_1_17' title='bbox 1211 603 1718 670; x_wconf 48' lang='lat' dir='ltr'><strong>indistinc‘lefiervaturflct</strong></span> <span class='ocrx_word' id='word_1_18' title='bbox 1731 608 1805 658; x_wconf 83' lang='lat' dir='ltr'><strong>de-</strong></span> 
     </span>
    </p>

    <p class='ocr_par' dir='ltr' id='par_1_4' title="bbox 569 660 1804 732">
     <span class='ocr_line' id='line_1_4' title="bbox 569 660 1804 732; baseline 0.014 -22"><span class='ocrx_word' id='word_1_19' title='bbox 569 660 760 728; x_wconf 80' lang='lat' dir='ltr'><strong>prehenst</strong></span> <span class='ocrx_word' id='word_1_20' title='bbox 779 666 827 713; x_wconf 84' lang='lat' dir='ltr'><strong>in</strong></span> <span class='ocrx_word' id='word_1_21' title='bbox 855 665 1000 715; x_wconf 82' lang='lat' dir='ltr'><strong>itinere</strong></span> <span class='ocrx_word' id='word_1_22' title='bbox 1027 669 1278 732; x_wconf 79' lang='lat' dir='ltr'><em>puniantur.</em></span> <span class='ocrx_word' id='word_1_23' title='bbox 1325 673 1486 721; x_wconf 81' lang='lat' dir='ltr'><strong>Etiam</strong></span> <span class='ocrx_word' id='word_1_24' title='bbox 1515 689 1606 724; x_wconf 88' lang='lat' dir='ltr'><strong>nec</strong></span> <span class='ocrx_word' id='word_1_25' title='bbox 1632 677 1804 727; x_wconf 82' lang='lat' dir='ltr'><strong>inferet</strong></span> 
     </span>
    </p>

    <p class='ocr_par' dir='ltr' id='par_1_5' title="bbox 573 730 1805 796">
     <span class='ocr_line' id='line_1_5' title="bbox 573 730 1805 796; baseline 0.014 -19"><span class='ocrx_word' id='word_1_26' title='bbox 573 730 837 795; x_wconf 87' lang='lat' dir='ltr'>quidquam</span> <span class='ocrx_word' id='word_1_27' title='bbox 869 733 1167 791; x_wconf 79' lang='lat' dir='ltr'>consuetudo</span> <span class='ocrx_word' id='word_1_28' title='bbox 1200 738 1277 787; x_wconf 83' lang='lat' dir='ltr'><strong>illa</strong></span> <span class='ocrx_word' id='word_1_29' title='bbox 1292 739 1350 787; x_wconf 83' lang='lat' dir='ltr'><strong>ad</strong></span> <span class='ocrx_word' id='word_1_30' title='bbox 1382 737 1544 789; x_wconf 89' lang='lat' dir='ltr'><strong>casum</strong></span> <span class='ocrx_word' id='word_1_31' title='bbox 1567 742 1805 796; x_wconf 86' lang='lat' dir='ltr'><strong>nostrum.</strong></span> 
     </span>
    </p>

    <p class='ocr_par' dir='ltr' id='par_1_6' title="bbox 573 793 1804 871">
     <span class='ocr_line' id='line_1_6' title="bbox 573 793 1804 871; baseline 0.012 -27"><span class='ocrx_word' id='word_1_32' title='bbox 573 793 712 846; x_wconf 87' lang='lat' dir='ltr'><strong>Nam</strong></span> <span class='ocrx_word' id='word_1_33' title='bbox 726 797 1098 852; x_wconf 89' lang='lat' dir='ltr'><strong>consuetudines</strong></span> <span class='ocrx_word' id='word_1_34' title='bbox 1119 803 1232 853; x_wconf 65' lang='lat' dir='ltr'><strong>faeti</strong></span> <span class='ocrx_word' id='word_1_35' title='bbox 1245 804 1274 853; x_wconf 87' lang='lat' dir='ltr'>s</span> <span class='ocrx_word' id='word_1_36' title='bbox 1270 819 1356 854; x_wconf 90' lang='lat' dir='ltr'><strong>unt</strong></span> <span class='ocrx_word' id='word_1_37' title='bbox 1369 839 1386 866; x_wconf 84' lang='grc'>,</span> <span class='ocrx_word' id='word_1_38' title='bbox 1402 808 1561 871; x_wconf 82' lang='lat' dir='ltr'><strong>itaque</strong></span> <span class='ocrx_word' id='word_1_39' title='bbox 1576 824 1666 858; x_wconf 86' lang='lat' dir='ltr'><strong>nec</strong></span> <span class='ocrx_word' id='word_1_40' title='bbox 1679 811 1804 858; x_wconf 87' lang='lat' dir='ltr'><strong>reci-</strong></span> 
     </span>
    </p>

    <p class='ocr_par' dir='ltr' id='par_1_7' title="bbox 571 863 1806 937">
     <span class='ocr_line' id='line_1_7' title="bbox 571 863 1806 937; baseline 0.011 -26"><span class='ocrx_word' id='word_1_41' title='bbox 571 863 711 927; x_wconf 89' lang='lat' dir='ltr'><strong>piunt</strong></span> <span class='ocrx_word' id='word_1_42' title='bbox 721 865 1049 918; x_wconf 82' lang='lat' dir='ltr'><strong>extensionem</strong></span> <span class='ocrx_word' id='word_1_43' title='bbox 1075 885 1156 919; x_wconf 86' lang='lat' dir='ltr'><strong>aut</strong></span> <span class='ocrx_word' id='word_1_44' title='bbox 1167 870 1370 931; x_wconf 65' lang='lat' dir='ltr'><strong>loci2aut</strong></span> <span class='ocrx_word' id='word_1_45' title='bbox 1384 875 1707 937; x_wconf 67' lang='lat' dir='ltr'><strong>personae2aut</strong></span> <span class='ocrx_word' id='word_1_46' title='bbox 1723 892 1806 925; x_wconf 85' lang='lat' dir='ltr'><strong>ca-</strong></span> 
     </span>
    </p>

    <p class='ocr_par' dir='ltr' id='par_1_8' title="bbox 567 930 1807 1006">
     <span class='ocr_line' id='line_1_8' title="bbox 567 930 1807 1006; baseline 0.01 -28"><span class='ocrx_word' id='word_1_47' title='bbox 567 930 716 983; x_wconf 56' lang='lat' dir='ltr'><strong>sua&amp;</strong></span> <span class='ocrx_word' id='word_1_48' title='bbox 726 932 887 997; x_wconf 85' lang='lat' dir='ltr'><strong>itaque</strong></span> <span class='ocrx_word' id='word_1_49' title='bbox 901 934 1146 998; x_wconf 83' lang='lat' dir='ltr'><strong>probanda</strong></span> <span class='ocrx_word' id='word_1_50' title='bbox 1158 937 1214 986; x_wconf 86' lang='lat' dir='ltr'><strong>fit</strong></span> <span class='ocrx_word' id='word_1_51' title='bbox 1229 940 1278 988; x_wconf 90' lang='lat' dir='ltr'><strong>in</strong></span> <span class='ocrx_word' id='word_1_52' title='bbox 1291 941 1369 989; x_wconf 81' lang='lat' dir='ltr'><strong>illa</strong></span> <span class='ocrx_word' id='word_1_53' title='bbox 1383 940 1478 1004; x_wconf 88' lang='lat' dir='ltr'><strong>ipsa</strong></span> <span class='ocrx_word' id='word_1_54' title='bbox 1492 941 1518 988; x_wconf 95' lang='lat' dir='ltr'>s</span> <span class='ocrx_word' id='word_1_55' title='bbox 1511 943 1643 1006; x_wconf 88' lang='lat' dir='ltr'><strong>pecie</strong></span> <span class='ocrx_word' id='word_1_56' title='bbox 1655 943 1807 1002; x_wconf 81' lang='lat' dir='ltr'>casus,</span> 
     </span>
    </p>

    <p class='ocr_par' dir='ltr' id='par_1_9' title="bbox 570 1001 1807 1074">
     <span class='ocr_line' id='line_1_9' title="bbox 570 1001 1807 1074; baseline 0.011 -29"><span class='ocrx_word' id='word_1_57' title='bbox 570 1004 658 1066; x_wconf 90' lang='lat' dir='ltr'><strong>qui</strong></span> <span class='ocrx_word' id='word_1_58' title='bbox 684 1005 815 1052; x_wconf 89' lang='lat' dir='ltr'><strong>venit</strong></span> <span class='ocrx_word' id='word_1_59' title='bbox 842 1001 894 1050; x_wconf 87' lang='lat' dir='ltr'><strong>in</strong></span> <span class='ocrx_word' id='word_1_60' title='bbox 907 1004 1298 1058; x_wconf 75' lang='lat' dir='ltr'><strong>controversiam.</strong></span> <span class='ocrx_word' id='word_1_61' title='bbox 1368 1006 1497 1074; x_wconf 84' lang='lat' dir='ltr'><strong>Qae</strong></span> <span class='ocrx_word' id='word_1_62' title='bbox 1521 1009 1687 1056; x_wconf 87' lang='lat' dir='ltr'><strong>omnia</strong></span> <span class='ocrx_word' id='word_1_63' title='bbox 1702 1011 1807 1073; x_wconf 86' lang='lat' dir='ltr'><strong>jam</strong></span> 
     </span>
    </p>

    <p class='ocr_par' dir='ltr' id='par_1_10' title="bbox 573 1067 1807 1138">
     <span class='ocr_line' id='line_1_10' title="bbox 573 1067 1807 1138; baseline 0.004 -19"><span class='ocrx_word' id='word_1_64' title='bbox 573 1070 784 1135; x_wconf 84' lang='lat' dir='ltr'><strong>vulgata.</strong></span> <span class='ocrx_word' id='word_1_65' title='bbox 817 1067 1009 1119; x_wconf 90' lang='lat' dir='ltr'><strong>Moveo</strong></span> <span class='ocrx_word' id='word_1_66' title='bbox 1031 1088 1163 1122; x_wconf 90' lang='lat' dir='ltr'><strong>nunc</strong></span> <span class='ocrx_word' id='word_1_67' title='bbox 1176 1088 1515 1138; x_wconf 85' lang='lat' dir='ltr'>argumentum</span> <span class='ocrx_word' id='word_1_68' title='bbox 1531 1078 1725 1124; x_wconf 83' lang='lat' dir='ltr'><strong>tertium</strong></span> <span class='ocrx_word' id='word_1_69' title='bbox 1746 1092 1807 1125; x_wconf 81' lang='lat' dir='ltr'><strong>ex</strong></span> 
     </span>
    </p>

    <p class='ocr_par' dir='ltr' id='par_1_11' title="bbox 577 1135 1806 1207">
     <span class='ocr_line' id='line_1_11' title="bbox 577 1135 1806 1207; baseline 0.003 -20"><span class='ocrx_word' id='word_1_70' title='bbox 577 1138 750 1188; x_wconf 72' lang='lat' dir='ltr'><strong>‘eodem</strong></span> <span class='ocrx_word' id='word_1_71' title='bbox 773 1135 1034 1198; x_wconf 81' lang='lat' dir='ltr'><strong>Suarezi0‚</strong></span> <span class='ocrx_word' id='word_1_72' title='bbox 1068 1140 1199 1203; x_wconf 92' lang='lat' dir='ltr'><strong>quod</strong></span> <span class='ocrx_word' id='word_1_73' title='bbox 1232 1141 1323 1190; x_wconf 85' lang='lat' dir='ltr'><strong>fint</strong></span> <span class='ocrx_word' id='word_1_74' title='bbox 1350 1140 1501 1207; x_wconf 83' lang='lat' dir='ltr'>Angli</span> <span class='ocrx_word' id='word_1_75' title='bbox 1525 1142 1806 1202; x_wconf 82' lang='lat' dir='ltr'><strong>excusandi,</strong></span> 
     </span>
    </p>

    <p class='ocr_par' dir='ltr' id='par_1_12' title="bbox 575 1204 1807 1275">
     <span class='ocr_line' id='line_1_12' title="bbox 575 1204 1807 1275; baseline 0.003 -20"><span class='ocrx_word' id='word_1_76' title='bbox 575 1205 720 1255; x_wconf 86' lang='lat' dir='ltr'><strong>etiam</strong></span> <span class='ocrx_word' id='word_1_77' title='bbox 746 1204 858 1269; x_wconf 87' lang='lat' dir='ltr'><strong>quia</strong></span> <span class='ocrx_word' id='word_1_78' title='bbox 880 1205 1036 1269; x_wconf 81' lang='lat' dir='ltr'><strong>pulvis</strong></span> <span class='ocrx_word' id='word_1_79' title='bbox 1060 1206 1141 1255; x_wconf 84' lang='lat' dir='ltr'><strong>ille</strong></span> <span class='ocrx_word' id='word_1_80' title='bbox 1164 1238 1181 1264; x_wconf 67' lang='lat'>2</span> <span class='ocrx_word' id='word_1_81' title='bbox 1216 1207 1270 1257; x_wconf 89' lang='lat'>&amp;</span> <span class='ocrx_word' id='word_1_82' title='bbox 1298 1217 1473 1258; x_wconf 80' lang='lat' dir='ltr'><strong>caetera</strong></span> <span class='ocrx_word' id='word_1_83' title='bbox 1490 1210 1590 1272; x_wconf 88' lang='lat' dir='ltr'><strong>ejus</strong></span> <span class='ocrx_word' id='word_1_84' title='bbox 1621 1212 1807 1275; x_wconf 86' lang='lat' dir='ltr'><strong>generis</strong></span> 
     </span>
    </p>

    <p class='ocr_par' dir='ltr' id='par_1_13' title="bbox 571 1272 1809 1338">
     <span class='ocr_line' id='line_1_13' title="bbox 571 1272 1809 1338; baseline 0.004 -17"><span class='ocrx_word' id='word_1_85' title='bbox 571 1272 887 1338; x_wconf 88' lang='lat' dir='ltr'><strong>portabantur</strong></span> <span class='ocrx_word' id='word_1_86' title='bbox 919 1288 1009 1337; x_wconf 87' lang='lat' dir='ltr'><strong>pro</strong></span> <span class='ocrx_word' id='word_1_87' title='bbox 1037 1272 1120 1322; x_wconf 86' lang='lat' dir='ltr'><strong>usu</strong></span> <span class='ocrx_word' id='word_1_88' title='bbox 1148 1276 1300 1323; x_wconf 85' lang='lat' dir='ltr'><strong>navis.</strong></span> <span class='ocrx_word' id='word_1_89' title='bbox 1366 1273 1448 1324; x_wconf 88' lang='lat' dir='ltr'><strong>Sic</strong></span> <span class='ocrx_word' id='word_1_90' title='bbox 1474 1274 1729 1326; x_wconf 79' lang='lat' dir='ltr'><strong>Suarezius</strong></span> <span class='ocrx_word' id='word_1_91' title='bbox 1755 1278 1809 1326; x_wconf 85' lang='lat' dir='ltr'><strong>in</strong></span> 
     </span>
    </p>

    <p class='ocr_par' dir='ltr' id='par_1_14' title="bbox 571 1337 1809 1407">
     <span class='ocr_line' id='line_1_14' title="bbox 571 1337 1809 1407; baseline 0.002 -17"><span class='ocrx_word' id='word_1_92' title='bbox 571 1339 681 1391; x_wconf 88' lang='lat' dir='ltr'><strong>casu</strong></span> <span class='ocrx_word' id='word_1_93' title='bbox 692 1338 777 1388; x_wconf 89' lang='lat' dir='ltr'><strong>suo</strong></span> <span class='ocrx_word' id='word_1_94' title='bbox 791 1337 1128 1390; x_wconf 84' lang='lat' dir='ltr'><strong>Genuenfium</strong></span> <span class='ocrx_word' id='word_1_95' title='bbox 1141 1372 1157 1398; x_wconf 85' lang='lat'>‚</span> <span class='ocrx_word' id='word_1_96' title='bbox 1191 1340 1321 1406; x_wconf 88' lang='lat' dir='ltr'><strong>quod</strong></span> <span class='ocrx_word' id='word_1_97' title='bbox 1332 1341 1542 1407; x_wconf 86' lang='lat' dir='ltr'><strong>lexipsos</strong></span> <span class='ocrx_word' id='word_1_98' title='bbox 1556 1359 1656 1393; x_wconf 85' lang='lat' dir='ltr'><strong>non</strong></span> <span class='ocrx_word' id='word_1_99' title='bbox 1673 1357 1809 1393; x_wconf 88' lang='lat' dir='ltr'><strong>tene-</strong></span> 
     </span>
    </p>

    <p class='ocr_par' dir='ltr' id='par_1_15' title="bbox 572 1405 1890 1476">
     <span class='ocr_line' id='line_1_15' title="bbox 572 1405 1890 1476; baseline 0.003 -19"><span class='ocrx_word' id='word_1_100' title='bbox 572 1419 644 1458; x_wconf 85' lang='lat' dir='ltr'><strong>ret</strong></span> <span class='ocrx_word' id='word_1_101' title='bbox 658 1408 742 1474; x_wconf 89' lang='lat' dir='ltr'><strong>qui</strong></span> <span class='ocrx_word' id='word_1_102' title='bbox 755 1422 843 1474; x_wconf 89' lang='lat' dir='ltr'><strong>pro</strong></span> <span class='ocrx_word' id='word_1_103' title='bbox 854 1405 939 1455; x_wconf 74' lang='lat' dir='ltr'><strong>usu</strong></span> <span class='ocrx_word' id='word_1_104' title='bbox 955 1409 1089 1457; x_wconf 82' lang='lat' dir='ltr'><strong>navis</strong></span> <span class='ocrx_word' id='word_1_105' title='bbox 1101 1419 1347 1472; x_wconf 83' lang='lat' dir='ltr'><strong>portarent</strong></span> <span class='ocrx_word' id='word_1_106' title='bbox 1359 1440 1376 1467; x_wconf 81' lang='grc'>,</span> <span class='ocrx_word' id='word_1_107' title='bbox 1408 1425 1517 1474; x_wconf 84' lang='lat' dir='ltr'><strong>quae</strong></span> <span class='ocrx_word' id='word_1_108' title='bbox 1531 1412 1710 1476; x_wconf 83' lang='lat' dir='ltr'><strong>portari</strong></span> <span class='ocrx_word' id='word_1_109' title='bbox 1724 1427 1808 1460; x_wconf 83' lang='lat' dir='ltr'><strong>ve·</strong></span> <span class='ocrx_word' id='word_1_110' title='bbox 1886 1472 1890 1474; x_wconf 35' lang='grc'><strong>,</strong></span> 
     </span>
    </p>

    <p class='ocr_par' dir='ltr' id='par_1_16' title="bbox 573 1472 1995 1541">
     <span class='ocr_line' id='line_1_16' title="bbox 573 1472 1995 1541; baseline 0.001 -15"><span class='ocrx_word' id='word_1_111' title='bbox 573 1476 659 1527; x_wconf 84' lang='lat' dir='ltr'><strong>tita</strong></span> <span class='ocrx_word' id='word_1_112' title='bbox 680 1474 809 1524; x_wconf 79' lang='lat' dir='ltr'><strong>alias·</strong></span> <span class='ocrx_word' id='word_1_113' title='bbox 865 1485 887 1511; x_wconf 81' lang='lat'><em>²</em></span> <span class='ocrx_word' id='word_1_114' title='bbox 900 1472 1044 1524; x_wconf 88' lang='lat' dir='ltr'><strong>Licet</strong></span> <span class='ocrx_word' id='word_1_115' title='bbox 1060 1475 1360 1539; x_wconf 70' lang='lat' dir='ltr'><strong>prohibi-tum</strong></span> <span class='ocrx_word' id='word_1_116' title='bbox 1378 1474 1431 1524; x_wconf 85' lang='lat' dir='ltr'><strong>fit</strong></span> <span class='ocrx_word' id='word_1_117' title='bbox 1444 1490 1692 1541; x_wconf 77' lang='lat' dir='ltr'><strong>exportare</strong></span> <span class='ocrx_word' id='word_1_118' title='bbox 1720 1479 1805 1527; x_wconf 76' lang='lat' dir='ltr'><strong>tri·</strong></span> <span class='ocrx_word' id='word_1_119' title='bbox 1822 1490 1842 1515; x_wconf 80' lang='lat' dir='ltr'>a</span> <span class='ocrx_word' id='word_1_120' title='bbox 1870 1478 1952 1513; x_wconf 62' lang='lat'><em>1²⁸⁰·</em></span> <span class='ocrx_word' id='word_1_121' title='bbox 1967 1472 1995 1512; x_wconf 72' lang='lat'><strong>²·</strong></span> 
     </span>
    </p>

    <p class='ocr_par' dir='ltr' id='par_1_17' title="bbox 569 1528 1955 1615">
     <span class='ocr_line' id='line_1_17' title="bbox 569 1528 1955 1615; baseline -0.001 -21"><span class='ocrx_word' id='word_1_122' title='bbox 569 1545 720 1594; x_wconf 87' lang='lat' dir='ltr'><strong>ticum</strong></span> <span class='ocrx_word' id='word_1_123' title='bbox 735 1573 753 1601; x_wconf 83' lang='lat'>,</span> <span class='ocrx_word' id='word_1_124' title='bbox 787 1556 890 1590; x_wconf 90' lang='lat' dir='ltr'><strong>non</strong></span> <span class='ocrx_word' id='word_1_125' title='bbox 900 1538 962 1590; x_wconf 91' lang='lat' dir='ltr'><strong>de</strong></span> <span class='ocrx_word' id='word_1_126' title='bbox 978 1558 1038 1591; x_wconf 89' lang='lat' dir='ltr'><strong>eo</strong></span> <span class='ocrx_word' id='word_1_127' title='bbox 1052 1553 1222 1591; x_wconf 78' lang='lat' dir='ltr'><strong>tamen</strong></span> <span class='ocrx_word' id='word_1_128' title='bbox 1235 1543 1516 1609; x_wconf 87' lang='lat' dir='ltr'><strong>intelligitur</strong></span> <span class='ocrx_word' id='word_1_129' title='bbox 1526 1545 1806 1609; x_wconf 79' lang='lat' dir='ltr'><strong>prohibitio,</strong></span> <span class='ocrx_word' id='word_1_130' title='bbox 1819 1539 1884 1615; x_wconf 55' lang='grc' dir='ltr'><em>ᾗῇ</em></span> <span class='ocrx_word' id='word_1_131' title='bbox 1899 1528 1955 1615; x_wconf 54' lang='lat' dir='ltr'><strong>Ide</strong></span> 
     </span>
    </p>

    <p class='ocr_par' dir='ltr' id='par_1_18' title="bbox 570 1603 1965 1678">
     <span class='ocr_line' id='line_1_18' title="bbox 570 1603 1965 1678; baseline 0.005 -21"><span class='ocrx_word' id='word_1_132' title='bbox 570 1609 705 1678; x_wconf 91' lang='lat' dir='ltr'><strong>quod</strong></span> <span class='ocrx_word' id='word_1_133' title='bbox 729 1610 838 1675; x_wconf 87' lang='lat' dir='ltr'><strong>quis</strong></span> <span class='ocrx_word' id='word_1_134' title='bbox 860 1620 1017 1674; x_wconf 86' lang='lat' dir='ltr'><strong>portat</strong></span> <span class='ocrx_word' id='word_1_135' title='bbox 1042 1624 1132 1674; x_wconf 86' lang='lat' dir='ltr'><strong>pro</strong></span> <span class='ocrx_word' id='word_1_136' title='bbox 1165 1608 1252 1659; x_wconf 86' lang='lat' dir='ltr'><strong>suo</strong></span> <span class='ocrx_word' id='word_1_137' title='bbox 1279 1609 1378 1660; x_wconf 84' lang='lat' dir='ltr'><strong>usu.</strong></span> <span class='ocrx_word' id='word_1_138' title='bbox 1428 1622 1481 1658; x_wconf 87' lang='lat' dir='ltr'><strong>ut</strong></span> <span class='ocrx_word' id='word_1_139' title='bbox 1503 1611 1610 1661; x_wconf 82' lang='lat' dir='ltr'><strong>haec</strong></span> <span class='ocrx_word' id='word_1_140' title='bbox 1634 1611 1800 1660; x_wconf 78' lang='lat' dir='ltr'><strong>itidem</strong></span> <span class='ocrx_word' id='word_1_141' title='bbox 1820 1603 1965 1669; x_wconf 49' lang='lat' dir='ltr'><strong>cffirfd.</strong></span> 
     </span>
    </p>

    <p class='ocr_par' dir='ltr' id='par_1_19' title="bbox 573 1676 2007 1743">
     <span class='ocr_line' id='line_1_19' title="bbox 573 1676 2007 1743; baseline -0.003 -14"><span class='ocrx_word' id='word_1_142' title='bbox 573 1676 856 1729; x_wconf 83' lang='lat' dir='ltr'><strong>communis</strong></span> <span class='ocrx_word' id='word_1_143' title='bbox 882 1677 1055 1742; x_wconf 90' lang='lat' dir='ltr'><strong>opinio</strong></span> <span class='ocrx_word' id='word_1_144' title='bbox 1078 1677 1129 1726; x_wconf 90' lang='lat' dir='ltr'><strong>in</strong></span> <span class='ocrx_word' id='word_1_145' title='bbox 1151 1677 1261 1741; x_wconf 84' lang='lat' dir='ltr'><strong>jure</strong></span> <span class='ocrx_word' id='word_1_146' title='bbox 1286 1677 1369 1725; x_wconf 88' lang='lat' dir='ltr'><strong>est.</strong></span> <span class='ocrx_word' id='word_1_147' title='bbox 1412 1678 1647 1743; x_wconf 86' lang='lat' dir='ltr'><strong>quicquid</strong></span> <span class='ocrx_word' id='word_1_148' title='bbox 1670 1681 2007 1731; x_wconf 74' lang='lat' dir='ltr'><strong>idemsta·7·n-4·</strong></span> 
     </span>
    </p>

    <p class='ocr_par' dir='ltr' id='par_1_20' title="bbox 574 1742 1807 1811">
     <span class='ocr_line' id='line_1_20' title="bbox 574 1742 1807 1811; baseline 0 -16"><span class='ocrx_word' id='word_1_149' title='bbox 574 1744 750 1795; x_wconf 85' lang='lat' dir='ltr'>Clarus</span> <span class='ocrx_word' id='word_1_150' title='bbox 772 1743 912 1795; x_wconf 82' lang='lat' dir='ltr'><strong>addat</strong></span> <span class='ocrx_word' id='word_1_151' title='bbox 934 1776 953 1805; x_wconf 85' lang='lat'>‚</span> <span class='ocrx_word' id='word_1_152' title='bbox 997 1742 1171 1795; x_wconf 84' lang='lat' dir='ltr'><strong>servari</strong></span> <span class='ocrx_word' id='word_1_153' title='bbox 1207 1743 1482 1809; x_wconf 83' lang='lat' dir='ltr'><strong>oppositum</strong></span> <span class='ocrx_word' id='word_1_154' title='bbox 1519 1746 1644 1811; x_wconf 84' lang='lat' dir='ltr'><strong>apud</strong></span> <span class='ocrx_word' id='word_1_155' title='bbox 1683 1745 1807 1799; x_wconf 79' lang='lat' dir='ltr'><strong>suos.</strong></span> 
     </span>
    </p>

    <p class='ocr_par' dir='ltr' id='par_1_21' title="bbox 575 1811 1810 1878">
     <span class='ocr_line' id='line_1_21' title="bbox 575 1811 1810 1878; baseline 0.001 -15"><span class='ocrx_word' id='word_1_156' title='bbox 575 1811 677 1863; x_wconf 89' lang='lat' dir='ltr'><strong>Cui</strong></span> <span class='ocrx_word' id='word_1_157' title='bbox 688 1811 1003 1862; x_wconf 88' lang='lat' dir='ltr'><strong>observantiae</strong></span> <span class='ocrx_word' id='word_1_158' title='bbox 1015 1811 1069 1861; x_wconf 86' lang='lat'>&amp;</span> <span class='ocrx_word' id='word_1_159' title='bbox 1085 1827 1217 1860; x_wconf 86' lang='lat' dir='ltr'><strong>nunc</strong></span> <span class='ocrx_word' id='word_1_160' title='bbox 1238 1813 1265 1860; x_wconf 72' lang='grc' dir='ltr'><strong>ὸ.</strong></span> <span class='ocrx_word' id='word_1_161' title='bbox 1280 1813 1420 1861; x_wconf 87' lang='lat' dir='ltr'><strong>nobis</strong></span> <span class='ocrx_word' id='word_1_162' title='bbox 1435 1813 1708 1877; x_wconf 84' lang='lat' dir='ltr'><strong>responsum</strong></span> <span class='ocrx_word' id='word_1_163' title='bbox 1722 1830 1810 1878; x_wconf 82' lang='lat' dir='ltr'><strong>pro</strong></span> 
     </span>
    </p>

    <p class='ocr_par' dir='ltr' id='par_1_22' title="bbox 575 1876 1808 1944">
     <span class='ocr_line' id='line_1_22' title="bbox 575 1876 1808 1944; baseline -0.001 -13"><span class='ocrx_word' id='word_1_164' title='bbox 575 1881 680 1931; x_wconf 83' lang='lat' dir='ltr'>casu</span> <span class='ocrx_word' id='word_1_165' title='bbox 707 1878 779 1930; x_wconf 90' lang='lat' dir='ltr'><strong>est</strong></span> <span class='ocrx_word' id='word_1_166' title='bbox 799 1877 978 1929; x_wconf 84' lang='lat' dir='ltr'><strong>nostro,</strong></span> <span class='ocrx_word' id='word_1_167' title='bbox 1041 1876 1177 1940; x_wconf 86' lang='lat' dir='ltr'><strong>Quid</strong></span> <span class='ocrx_word' id='word_1_168' title='bbox 1203 1890 1310 1928; x_wconf 89' lang='lat' dir='ltr'><strong>tum</strong></span> <span class='ocrx_word' id='word_1_169' title='bbox 1340 1878 1370 1927; x_wconf 89' lang='lat' dir='ltr'>fi</span> <span class='ocrx_word' id='word_1_170' title='bbox 1397 1878 1577 1944; x_wconf 88' lang='lat' dir='ltr'><strong>aliquid</strong></span> <span class='ocrx_word' id='word_1_171' title='bbox 1603 1881 1808 1944; x_wconf 69' lang='lat' dir='ltr'><strong>amplius</strong></span> 
     </span>
    </p>

    <p class='ocr_par' dir='ltr' id='par_1_23' title="bbox 576 1945 1808 2013">
     <span class='ocr_line' id='line_1_23' title="bbox 576 1945 1808 2013; baseline -0.002 -14"><span class='ocrx_word' id='word_1_172' title='bbox 576 1946 717 1999; x_wconf 86' lang='lat' dir='ltr'><strong>fuisse</strong></span> <span class='ocrx_word' id='word_1_173' title='bbox 738 1946 956 1997; x_wconf 78' lang='lat' dir='ltr'><strong>videatur</strong></span> <span class='ocrx_word' id='word_1_174' title='bbox 969 1946 1181 2011; x_wconf 87' lang='lat' dir='ltr'><strong>pulveris</strong></span> <span class='ocrx_word' id='word_1_175' title='bbox 1195 1977 1212 2004; x_wconf 84' lang='lat'>‚</span> <span class='ocrx_word' id='word_1_176' title='bbox 1249 1946 1300 1996; x_wconf 68' lang='grc' dir='ltr'><strong>ὅ(</strong></span> <span class='ocrx_word' id='word_1_177' title='bbox 1316 1945 1561 1996; x_wconf 76' lang='lat' dir='ltr'><strong>similium.</strong></span> <span class='ocrx_word' id='word_1_178' title='bbox 1591 1963 1734 2013; x_wconf 87' lang='lat' dir='ltr'><strong>quam</strong></span> <span class='ocrx_word' id='word_1_179' title='bbox 1750 1949 1808 1997; x_wconf 85' lang='lat' dir='ltr'><strong>ad</strong></span> 
     </span>
    </p>

    <p class='ocr_par' dir='ltr' id='par_1_24' title="bbox 578 2012 1811 2080">
     <span class='ocr_line' id='line_1_24' title="bbox 578 2012 1811 2080; baseline -0.001 -15"><span class='ocrx_word' id='word_1_180' title='bbox 578 2013 717 2065; x_wconf 87' lang='lat' dir='ltr'>usum</span> <span class='ocrx_word' id='word_1_181' title='bbox 730 2015 866 2064; x_wconf 86' lang='lat' dir='ltr'><strong>navis</strong></span> <span class='ocrx_word' id='word_1_182' title='bbox 881 2012 1033 2063; x_wconf 87' lang='lat' dir='ltr'><strong>videri</strong></span> <span class='ocrx_word' id='word_1_183' title='bbox 1045 2025 1201 2079; x_wconf 84' lang='lat' dir='ltr'><strong>parata</strong></span> <span class='ocrx_word' id='word_1_184' title='bbox 1216 2012 1387 2078; x_wconf 82' lang='lat' dir='ltr'><strong>poffint</strong></span> <span class='ocrx_word' id='word_1_185' title='bbox 1402 2014 1420 2063; x_wconf 86' lang='lat'>?</span> <span class='ocrx_word' id='word_1_186' title='bbox 1453 2012 1560 2062; x_wconf 82' lang='lat' dir='ltr'><strong>Itno</strong></span> <span class='ocrx_word' id='word_1_187' title='bbox 1580 2015 1777 2080; x_wconf 86' lang='lat' dir='ltr'><strong>inquam</strong></span> <span class='ocrx_word' id='word_1_188' title='bbox 1792 2045 1811 2069; x_wconf 80' lang='lat'>‚</span> 
     </span>
    </p>

    <p class='ocr_par' dir='ltr' id='par_1_25' title="bbox 577 2082 1808 2148">
     <span class='ocr_line' id='line_1_25' title="bbox 577 2082 1808 2148; baseline 0.001 -16"><span class='ocrx_word' id='word_1_189' title='bbox 577 2082 774 2148; x_wconf 69' lang='lat' dir='ltr'><strong>praelia,</strong></span> <span class='ocrx_word' id='word_1_190' title='bbox 807 2097 917 2146; x_wconf 83' lang='lat' dir='ltr'><strong>quae</strong></span> <span class='ocrx_word' id='word_1_191' title='bbox 942 2082 1221 2146; x_wconf 87' lang='lat' dir='ltr'><strong>contingere</strong></span> <span class='ocrx_word' id='word_1_192' title='bbox 1246 2092 1467 2145; x_wconf 73' lang='lat' dir='ltr'><strong>poterant</strong></span> <span class='ocrx_word' id='word_1_193' title='bbox 1503 2083 1616 2130; x_wconf 84' lang='lat' dir='ltr'><strong>navi</strong></span> <span class='ocrx_word' id='word_1_194' title='bbox 1644 2116 1657 2134; x_wconf 77' lang='grc'>,</span> <span class='ocrx_word' id='word_1_195' title='bbox 1706 2099 1808 2133; x_wconf 85' lang='lat' dir='ltr'><strong>non</strong></span> 
     </span>
    </p>

    <p class='ocr_par' dir='ltr' id='par_1_26' title="bbox 579 2145 1810 2214">
     <span class='ocr_line' id='line_1_26' title="bbox 579 2145 1810 2214; baseline 0 -15"><span class='ocrx_word' id='word_1_196' title='bbox 579 2148 910 2210; x_wconf 84' lang='lat' dir='ltr'><strong>habentisthic</strong></span> <span class='ocrx_word' id='word_1_197' title='bbox 933 2160 1030 2214; x_wconf 78' lang='lat' dir='ltr'><strong>tam</strong></span> <span class='ocrx_word' id='word_1_198' title='bbox 1046 2145 1336 2212; x_wconf 81' lang='lat' dir='ltr'><strong>exquifitam</strong></span> <span class='ocrx_word' id='word_1_199' title='bbox 1370 2148 1655 2198; x_wconf 83' lang='lat' dir='ltr'><strong>mensuram.</strong></span> <span class='ocrx_word' id='word_1_200' title='bbox 1709 2148 1810 2199; x_wconf 89' lang='lat' dir='ltr'><strong>Pro</strong></span> 
     </span>
    </p>

    <p class='ocr_par' dir='ltr' id='par_1_27' title="bbox 578 2215 1810 2281">
     <span class='ocr_line' id='line_1_27' title="bbox 578 2215 1810 2281; baseline -0.001 -15"><span class='ocrx_word' id='word_1_201' title='bbox 578 2217 663 2266; x_wconf 89' lang='lat' dir='ltr'><strong>usu</strong></span> <span class='ocrx_word' id='word_1_202' title='bbox 680 2248 697 2276; x_wconf 87' lang='lat'>,</span> <span class='ocrx_word' id='word_1_203' title='bbox 729 2217 815 2281; x_wconf 87' lang='lat' dir='ltr'><strong>qui</strong></span> <span class='ocrx_word' id='word_1_204' title='bbox 834 2216 994 2266; x_wconf 88' lang='lat' dir='ltr'><strong>timeri</strong></span> <span class='ocrx_word' id='word_1_205' title='bbox 1008 2216 1165 2280; x_wconf 85' lang='lat' dir='ltr'><strong>potuit</strong></span> <span class='ocrx_word' id='word_1_206' title='bbox 1187 2246 1205 2273; x_wconf 85' lang='lat'>,</span> <span class='ocrx_word' id='word_1_207' title='bbox 1239 2226 1492 2280; x_wconf 84' lang='lat' dir='ltr'><strong>acceptum</strong></span> <span class='ocrx_word' id='word_1_208' title='bbox 1509 2215 1810 2280; x_wconf 58' lang='lat' dir='ltr'><strong>esti-argum,</strong></span> 
     </span>
    </p>

    <p class='ocr_par' dir='ltr' id='par_1_28' title="bbox 578 2280 1812 2350">
     <span class='ocr_line' id='line_1_28' title="bbox 578 2280 1812 2350; baseline -0.001 -17"><span class='ocrx_word' id='word_1_209' title='bbox 578 2282 935 2350; x_wconf 88' lang='lat' dir='ltr'><strong>prudenterque</strong></span> <span class='ocrx_word' id='word_1_210' title='bbox 963 2298 974 2330; x_wconf 74' lang='grc' dir='ltr'>ε</span> <span class='ocrx_word' id='word_1_211' title='bbox 1009 2293 1063 2331; x_wconf 90' lang='lat' dir='ltr'><strong>ut</strong></span> <span class='ocrx_word' id='word_1_212' title='bbox 1075 2280 1540 2349; x_wconf 82' lang='lat' dir='ltr'><strong>supereffenteadem</strong></span> <span class='ocrx_word' id='word_1_213' title='bbox 1556 2315 1573 2342; x_wconf 85' lang='grc'>,</span> <span class='ocrx_word' id='word_1_214' title='bbox 1605 2300 1706 2333; x_wconf 84' lang='lat' dir='ltr'><strong>non</strong></span> <span class='ocrx_word' id='word_1_215' title='bbox 1725 2284 1812 2340; x_wconf 88' lang='lat' dir='ltr'><strong>de-</strong></span> 
     </span>
    </p>

    <p class='ocr_par' dir='ltr' id='par_1_29' title="bbox 580 2348 1815 2415">
     <span class='ocr_line' id='line_1_29' title="bbox 580 2348 1815 2415; baseline -0.001 -14"><span class='ocrx_word' id='word_1_216' title='bbox 580 2350 746 2402; x_wconf 89' lang='lat' dir='ltr'><strong>essent.</strong></span> <span class='ocrx_word' id='word_1_217' title='bbox 810 2349 898 2400; x_wconf 93' lang='lat' dir='ltr'><strong>Ne</strong></span> <span class='ocrx_word' id='word_1_218' title='bbox 919 2350 1024 2415; x_wconf 89' lang='lat' dir='ltr'><strong>quis</strong></span> <span class='ocrx_word' id='word_1_219' title='bbox 1036 2350 1180 2398; x_wconf 89' lang='lat' dir='ltr'><strong>etiam</strong></span> <span class='ocrx_word' id='word_1_220' title='bbox 1197 2348 1313 2398; x_wconf 89' lang='lat' dir='ltr'><strong>illud</strong></span> <span class='ocrx_word' id='word_1_221' title='bbox 1329 2364 1543 2413; x_wconf 84' lang='lat' dir='ltr'><strong>regerat,</strong></span> <span class='ocrx_word' id='word_1_222' title='bbox 1577 2348 1707 2415; x_wconf 90' lang='lat' dir='ltr'><strong>quod</strong></span> <span class='ocrx_word' id='word_1_223' title='bbox 1722 2366 1815 2400; x_wconf 87' lang='lat' dir='ltr'><strong>nec</strong></span> 
     </span>
    </p>

    <p class='ocr_par' dir='ltr' id='par_1_30' title="bbox 578 2414 1815 2483">
     <span class='ocr_line' id='line_1_30' title="bbox 578 2414 1815 2483; baseline -0.003 -12"><span class='ocrx_word' id='word_1_224' title='bbox 578 2417 747 2483; x_wconf 81' lang='lat' dir='ltr'>gustus</span> <span class='ocrx_word' id='word_1_225' title='bbox 774 2414 930 2467; x_wconf 86' lang='lat' dir='ltr'>caussa</span> <span class='ocrx_word' id='word_1_226' title='bbox 954 2417 1191 2482; x_wconf 85' lang='lat' dir='ltr'><strong>permittit</strong></span> <span class='ocrx_word' id='word_1_227' title='bbox 1213 2416 1287 2465; x_wconf 83' lang='lat' dir='ltr'><strong>lex</strong></span> <span class='ocrx_word' id='word_1_228' title='bbox 1318 2416 1427 2466; x_wconf 84' lang='lat' dir='ltr'><strong>ferri</strong></span> <span class='ocrx_word' id='word_1_229' title='bbox 1461 2417 1728 2482; x_wconf 84' lang='lat' dir='ltr'><strong>quidquam</strong></span> <span class='ocrx_word' id='word_1_230' title='bbox 1755 2418 1815 2467; x_wconf 86' lang='lat' dir='ltr'><strong>ad</strong></span> 
     </span>
    </p>

    <p class='ocr_par' dir='ltr' id='par_1_31' title="bbox 582 2482 1814 2548">
     <span class='ocr_line' id='line_1_31' title="bbox 582 2482 1814 2548; baseline -0.001 -13"><span class='ocrx_word' id='word_1_231' title='bbox 582 2485 807 2535; x_wconf 85' lang='lat' dir='ltr'>barbaros</span> <span class='ocrx_word' id='word_1_232' title='bbox 829 2515 847 2538; x_wconf 73' lang='lat'><em>2</em></span> <span class='ocrx_word' id='word_1_233' title='bbox 880 2499 972 2534; x_wconf 91' lang='lat' dir='ltr'><strong>nec</strong></span> <span class='ocrx_word' id='word_1_234' title='bbox 1000 2496 1166 2533; x_wconf 85' lang='lat' dir='ltr'><strong>cotem</strong></span> <span class='ocrx_word' id='word_1_235' title='bbox 1190 2482 1401 2548; x_wconf 87' lang='lat' dir='ltr'><strong>quidem.</strong></span> <span class='ocrx_word' id='word_1_236' title='bbox 1476 2484 1615 2537; x_wconf 80' lang='lat' dir='ltr'><strong>Nam</strong></span> <span class='ocrx_word' id='word_1_237' title='bbox 1643 2484 1693 2534; x_wconf 84' lang='lat' dir='ltr'><strong>id</strong></span> <span class='ocrx_word' id='word_1_238' title='bbox 1720 2501 1814 2534; x_wconf 86' lang='lat' dir='ltr'><strong>nec</strong></span> 
     </span>
    </p>

    <p class='ocr_par' dir='ltr' id='par_1_32' title="bbox 581 2550 1813 2617">
     <span class='ocr_line' id='line_1_32' title="bbox 581 2550 1813 2617; baseline -0.002 -15"><span class='ocrx_word' id='word_1_239' title='bbox 581 2551 727 2602; x_wconf 87' lang='lat' dir='ltr'><strong>fiebat</strong></span> <span class='ocrx_word' id='word_1_240' title='bbox 737 2552 817 2601; x_wconf 91' lang='lat' dir='ltr'><strong>hic</strong></span> <span class='ocrx_word' id='word_1_241' title='bbox 831 2554 881 2600; x_wconf 91' lang='lat' dir='ltr'><strong>in</strong></span> <span class='ocrx_word' id='word_1_242' title='bbox 900 2550 1008 2602; x_wconf 89' lang='lat' dir='ltr'><strong>casu</strong></span> <span class='ocrx_word' id='word_1_243' title='bbox 1021 2550 1217 2604; x_wconf 86' lang='lat' dir='ltr'><strong>nostro,</strong></span> <span class='ocrx_word' id='word_1_244' title='bbox 1254 2552 1334 2599; x_wconf 91' lang='lat' dir='ltr'><strong>ubi</strong></span> <span class='ocrx_word' id='word_1_245' title='bbox 1350 2566 1437 2615; x_wconf 85' lang='lat' dir='ltr'><strong>pro</strong></span> <span class='ocrx_word' id='word_1_246' title='bbox 1452 2551 1683 2601; x_wconf 79' lang='lat' dir='ltr'><strong>usunavis</strong></span> <span class='ocrx_word' id='word_1_247' title='bbox 1699 2567 1813 2617; x_wconf 90' lang='lat' dir='ltr'>por-</span> 
     </span>
    </p>

    <p class='ocr_par' dir='ltr' id='par_1_33' title="bbox 580 2617 1817 2683">
     <span class='ocr_line' id='line_1_33' title="bbox 580 2617 1817 2683; baseline -0.002 -14"><span class='ocrx_word' id='word_1_248' title='bbox 580 2620 781 2670; x_wconf 82' lang='lat' dir='ltr'><strong>tabatur.</strong></span> <span class='ocrx_word' id='word_1_249' title='bbox 811 2619 1085 2683; x_wconf 84' lang='lat' dir='ltr'><strong>Nequeilla</strong></span> <span class='ocrx_word' id='word_1_250' title='bbox 1098 2619 1218 2666; x_wconf 87' lang='lat' dir='ltr'><strong>ratio</strong></span> <span class='ocrx_word' id='word_1_251' title='bbox 1229 2617 1390 2683; x_wconf 85' lang='lat' dir='ltr'><strong>gustus</strong></span> <span class='ocrx_word' id='word_1_252' title='bbox 1405 2630 1539 2672; x_wconf 79' lang='lat' dir='ltr'><strong>tenet</strong></span> <span class='ocrx_word' id='word_1_253' title='bbox 1554 2620 1605 2667; x_wconf 87' lang='lat' dir='ltr'><strong>in</strong></span> <span class='ocrx_word' id='word_1_254' title='bbox 1620 2620 1721 2676; x_wconf 85' lang='lat' dir='ltr'><strong>his,</strong></span> <span class='ocrx_word' id='word_1_255' title='bbox 1755 2618 1817 2667; x_wconf 90' lang='lat' dir='ltr'><strong>de</strong></span> 
     </span>
    </p>

    <p class='ocr_par' dir='ltr' id='par_1_34' title="bbox 583 2684 1996 2756">
     <span class='ocr_line' id='line_1_34' title="bbox 583 2684 1996 2756; baseline -0.001 -21"><span class='ocrx_word' id='word_1_256' title='bbox 583 2687 757 2751; x_wconf 90' lang='lat' dir='ltr'><strong>quibus</strong></span> <span class='ocrx_word' id='word_1_257' title='bbox 772 2686 841 2735; x_wconf 87' lang='lat' dir='ltr'><strong>est</strong></span> <span class='ocrx_word' id='word_1_258' title='bbox 853 2685 1011 2735; x_wconf 84' lang='lat' dir='ltr'><strong>nostra</strong></span> <span class='ocrx_word' id='word_1_259' title='bbox 1032 2684 1256 2749; x_wconf 85' lang='lat' dir='ltr'><strong>quaestio.</strong></span> <span class='ocrx_word' id='word_1_260' title='bbox 1321 2685 1345 2722; x_wconf 83' lang='lat' dir='ltr'>b</span> <span class='ocrx_word' id='word_1_261' title='bbox 1360 2684 1461 2734; x_wconf 88' lang='lat' dir='ltr'><strong>Illic</strong></span> <span class='ocrx_word' id='word_1_262' title='bbox 1486 2686 1606 2734; x_wconf 75' lang='lat' dir='ltr'><strong>ratio</strong></span> <span class='ocrx_word' id='word_1_263' title='bbox 1620 2686 1687 2736; x_wconf 88' lang='lat' dir='ltr'><strong>est</strong></span> <span class='ocrx_word' id='word_1_264' title='bbox 1704 2717 1720 2744; x_wconf 90' lang='lat'>‚</span> <span class='ocrx_word' id='word_1_265' title='bbox 1755 2689 1817 2734; x_wconf 78' lang='lat' dir='ltr'><strong>ne</strong></span> <span class='ocrx_word' id='word_1_266' title='bbox 1834 2715 1858 2752; x_wconf 87' lang='lat' dir='ltr'>b</span> <span class='ocrx_word' id='word_1_267' title='bbox 1885 2716 1958 2754; x_wconf 79' lang='lat' dir='ltr'><strong>Alc</strong></span> <span class='ocrx_word' id='word_1_268' title='bbox 1975 2731 1996 2756; x_wconf 71' lang='lat'>2</span> 
     </span>
    </p>

    <p class='ocr_par' dir='ltr' id='par_1_35' title="bbox 581 2746 2013 2818">
     <span class='ocr_line' id='line_1_35' title="bbox 581 2746 2013 2818; baseline 0.002 -16"><span class='ocrx_word' id='word_1_269' title='bbox 581 2752 733 2803; x_wconf 70' lang='lat' dir='ltr'><strong>illeffi</strong></span> <span class='ocrx_word' id='word_1_270' title='bbox 758 2753 974 2818; x_wconf 84' lang='lat' dir='ltr'><strong>frugibus</strong></span> <span class='ocrx_word' id='word_1_271' title='bbox 1001 2753 1215 2803; x_wconf 81' lang='lat' dir='ltr'><strong>barbari,</strong></span> <span class='ocrx_word' id='word_1_272' title='bbox 1246 2768 1362 2815; x_wconf 87' lang='lat' dir='ltr'><strong>quas</strong></span> <span class='ocrx_word' id='word_1_273' title='bbox 1383 2751 1672 2816; x_wconf 74' lang='lat' dir='ltr'><strong>gustassent,</strong></span> <span class='ocrx_word' id='word_1_274' title='bbox 1710 2769 1817 2801; x_wconf 87' lang='lat' dir='ltr'><strong>ver·</strong></span> <span class='ocrx_word' id='word_1_275' title='bbox 1832 2770 1922 2803; x_wconf 59' lang='grc' dir='ltr'><strong>ἄεν.</strong></span> <span class='ocrx_word' id='word_1_276' title='bbox 1946 2746 1978 2806; x_wconf 70' lang='grc' dir='ltr'><strong>ὲ.</strong></span> <span class='ocrx_word' id='word_1_277' title='bbox 2002 2751 2013 2762; x_wconf 87' lang='grc'><strong>’</strong></span> 
     </span>
    </p>

    <p class='ocr_par' dir='ltr' id='par_1_36' title="bbox 584 2818 2015 2958">
     <span class='ocr_line' id='line_1_36' title="bbox 584 2818 2015 2883; baseline 0 -12"><span class='ocrx_word' id='word_1_278' title='bbox 584 2832 739 2872; x_wconf 83' lang='lat' dir='ltr'><strong>terent</strong></span> <span class='ocrx_word' id='word_1_279' title='bbox 763 2821 815 2871; x_wconf 87' lang='lat' dir='ltr'><strong>in</strong></span> <span class='ocrx_word' id='word_1_280' title='bbox 842 2836 931 2870; x_wconf 89' lang='lat' dir='ltr'><strong>nos</strong></span> <span class='ocrx_word' id='word_1_281' title='bbox 948 2834 1094 2871; x_wconf 84' lang='lat' dir='ltr'><strong>arma.</strong></span> <span class='ocrx_word' id='word_1_282' title='bbox 1162 2818 1231 2866; x_wconf 89' lang='lat' dir='ltr'><strong>At</strong></span> <span class='ocrx_word' id='word_1_283' title='bbox 1256 2820 1337 2866; x_wconf 85' lang='lat' dir='ltr'><strong>hic</strong></span> <span class='ocrx_word' id='word_1_284' title='bbox 1364 2820 1484 2869; x_wconf 77' lang='lat' dir='ltr'><strong>ratio</strong></span> <span class='ocrx_word' id='word_1_285' title='bbox 1511 2818 1580 2868; x_wconf 91' lang='lat' dir='ltr'><strong>est</strong></span> <span class='ocrx_word' id='word_1_286' title='bbox 1604 2851 1622 2878; x_wconf 85' lang='grc'>,</span> <span class='ocrx_word' id='word_1_287' title='bbox 1656 2836 1719 2868; x_wconf 89' lang='lat' dir='ltr'><strong>ne</strong></span> <span class='ocrx_word' id='word_1_288' title='bbox 1739 2821 1819 2883; x_wconf 86' lang='lat' dir='ltr'><strong>ju·</strong></span> <span class='ocrx_word' id='word_1_289' title='bbox 1837 2818 2015 2871; x_wconf 48' lang='grc' dir='ltr'><strong>ὑψώθ-</strong></span> 
     </span>
     <span class='ocr_line' id='line_1_37' title="bbox 1245 2871 1998 2958; baseline -0.005 -20"><span class='ocrx_word' id='word_1_290' title='bbox 1245 2886 1282 2938; x_wconf 86' lang='lat' dir='ltr'>F</span> <span class='ocrx_word' id='word_1_291' title='bbox 1313 2897 1348 2945; x_wconf 93' lang='lat'><em>4</em></span> <span class='ocrx_word' id='word_1_292' title='bbox 1647 2871 1998 2958; x_wconf 48' lang='grc' dir='ltr'><strong>νεηῐυτζζρἵῖ</strong></span> 
     </span>
    </p>

    <p class='ocr_par' dir='ltr' id='par_1_37' title="bbox 1122 2967 1989 3020">
     <span class='ocr_line' id='line_1_38' title="bbox 1122 2967 1989 3020; baseline 0.002 -13"><span class='ocrx_word' id='word_1_293' title='bbox 1122 2967 1297 3018; x_wconf 71' lang='lat' dir='ltr'><strong>arB.585.</strong></span> <span class='ocrx_word' id='word_1_294' title='bbox 1324 2971 1448 3019; x_wconf 65' lang='grc' dir='ltr'><strong>Τίνας.</strong></span> <span class='ocrx_word' id='word_1_295' title='bbox 1471 2970 1605 3019; x_wconf 75' lang='lat' dir='ltr'><strong>dejud.</strong></span> <span class='ocrx_word' id='word_1_296' title='bbox 1628 2971 1662 3008; x_wconf 74' lang='lat' dir='ltr'><strong>in</strong></span> <span class='ocrx_word' id='word_1_297' title='bbox 1684 2983 1734 3009; x_wconf 84' lang='lat' dir='ltr'><strong>re.</strong></span> <span class='ocrx_word' id='word_1_298' title='bbox 1750 2968 1989 3020; x_wconf 66' lang='lat' dir='ltr'><strong>exxg.lin1.32.</strong></span> 
     </span>
    </p>
   </div>
  </div>
 </body>
</html>
