2396 3587
644 453 735 505 188
882 468 1228 508 Anneium
1262 454 1612 505 GEN‘i-tms

639 542 806 590 beatur
825 536 1065 600 etiamque
1091 551 1203 585 cum
1227 535 1466 600 adjunctis
1479 538 1578 586 aliis
1585 533 1855 599 judicibus:

640 605 771 671 quod
800 618 900 651 non
924 603 1098 667 poterit
1120 603 1180 650 ab
1202 602 1402 651 1storum
1427 605 1651 652 omnium
1665 603 1854 652 senten·
1917 619 1921 622 ·

641 675 710 721 tia
729 669 1015 736 provocari,
1045 669 1207 731 itaque
1230 669 1285 718 &
1307 668 1452 718 ceffet
1473 671 1595 718 ratio
1608 670 1720 733 legis
1733 670 1856 717 civi-

642 740 700 788 lis
723 769 741 795 ‚
774 734 1109 798 compellentis
1130 764 1148 787 2
1178 734 1301 797 apud
1337 735 1548 784 eundem
1591 737 1778 799 litigare
1801 737 1856 786 in

640 801 797 853 caussa
832 802 952 858 alia,
983 801 1095 863 quia
1115 801 1250 864 poffit
1285 800 1450 849 denuo
1480 803 1743 864 provocari.
1789 803 1855 851 Et

640 866 1060 936 primatamenilla
1072 865 1484 917 ratioestinvi&a‚
1515 867 1646 932 quod
1670 883 1772 916 non
1799 867 1857 918 fit

443 931 621 971 meam
633 938 793 986 futura
802 934 886 981 alia
898 932 977 980 hic
990 932 1160 981 caussa.
1192 930 1214 965 s
1219 932 1299 980 De
1311 931 1466 981 caussa
1475 935 1658 981 etenim
1672 933 1857 999 separa-

443 983 494 1018 ⁶¹²
503 984 586 1021 hac.
639 1014 689 1051 ta
701 1001 816 1049 illud
829 999 1023 1062 estlegis
1032 999 1096 1047 ita
1110 998 1440 1062 compellentis
1453 1031 1470 1057 ,
1487 999 1542 1047 &
1556 1015 1655 1048 non
1672 1001 1855 1050 haben-

639 1081 687 1117 te
700 1068 1073 1116 connexitatem.
1113 1063 1195 1112 Illa
1220 1066 1340 1114 ratio
1364 1064 1610 1114 concludit
1635 1066 1689 1115 &
1710 1069 1759 1136 {n
1774 1084 1858 1118 or-

449 1158 468 1185 t
481 1145 574 1180 vl).
589 1146 627 1182 d.
638 1134 821 1182 dinario
827 1130 990 1194 judice
1006 1147 1015 1178 :
1049 1159 1064 1185 ς
1078 1146 1221 1195 quem
1237 1131 1371 1191 ajunt
1383 1147 1483 1180 non
1497 1131 1626 1195 posse
1638 1134 1856 1194 recusari,

443 1198 470 1233 Ι·
501 1205 554 1239 ¹4·
581 1194 628 1234 (θ’
642 1200 718 1249 sed
743 1201 788 1247 ei
812 1197 1066 1261 adjunetos
1091 1199 1189 1261 peti
1215 1196 1358 1261 posse.
1424 1196 1489 1245 Et
1504 1198 1599 1246 hoc
1610 1210 1770 1248 tamen
1787 1201 1851 1253 fic

439 1244 733 1324 ⁶¹⁴²h's‘q‘est,
767 1277 819 1313 ut
843 1279 943 1312 non
968 1262 1105 1328 poffit
1130 1262 1393 1313 ordinarius
1416 1264 1856 1329 recusarisimplici-

629 1346 700 1382 ter
723 1332 855 1381 velut
881 1328 1148 1394 suspectus,
1179 1344 1232 1380 ut
1247 1330 1363 1380 alius
1388 1330 1532 1392 judex
1562 1331 1852 1394 potest-mon

629 1411 823 1456 tamen,
861 1409 913 1444 ut
934 1396 1132 1445 recusari
1165 1413 1266 1445 non
1303 1395 1437 1460 possit
1475 1397 1619 1444 etiam
1654 1414 1712 1446 ex
1727 1400 1852 1461 justa

436 1485 464 1513 u
495 1475 564 1522 tas.
584 1464 802 1516 ancauffa.
867 1462 1041 1511 Nemo
1073 1463 1334 1512 hominum
1369 1463 1464 1510 hoc
1498 1461 1627 1511 dicit.
1692 1464 1713 1485 ¹¹
1737 1463 1850 1517 Imo

433 1526 463 1564 Ι·
482 1538 538 1577 ¹4·
631 1532 805 1580 dicunt
830 1546 1031 1586 omnes,
1063 1528 1195 1593 quod
1219 1530 1296 1578 illa
1322 1528 1515 1593 quidem
1541 1528 1595 1579 sit
1616 1546 1753 1591 vera,
1792 1535 1849 1584 δε

629 1598 907 1648 communis
937 1595 1215 1654 conclusm,
1248 1596 1307 1645 de
1322 1595 1567 1644 ordinario
1580 1612 1680 1646 non
1707 1615 1849 1650 recu·-

629 1663 789 1712 sabili:
824 1662 902 1711 sed
926 1662 1055 1727 quod
1078 1661 1199 1710 fallit
1221 1664 1272 1710 in
1295 1664 1434 1711 certis
1448 1661 1625 1712 casibus
1638 1663 1849 1728 speciali-

628 1731 735 1780 bus.
798 1727 1067 1779 Recusatur
1089 1728 1334 1794 hicjudex
1358 1729 1408 1776 in
1422 1728 1699 1788 haccauffa,
1737 1749 1846 1796 quae

628 1797 922 1862 plurimum,
955 1795 1009 1844 δε
1033 1795 1187 1845 ferme
1214 1807 1313 1844 tota
1346 1795 1521 1859 pendet
1551 1796 1612 1843 ab
1646 1800 1847 1851 articulo

628 1862 838 1928 quodam
869 1863 1014 1914 Iuris,
1045 1862 1097 1910 in
1111 1862 1363 1927 quojudex
1376 1862 1489 1919 iste,
1524 1863 1642 1910 olim
1671 1865 1844 1916 Advo-

628 1927 789 1987 batus,
820 1927 1035 1978 defendit
1056 1945 1132 1978 eas
1157 1942 1308 1992 partes
1328 1961 1340 1978 .
1375 1945 1483 1993 quae
1506 1926 1587 1977 hic
1610 1929 1638 1977 fi
1661 1946 1844 1994 praeva-

626 1997 787 2055 leant,
818 1997 1018 2044 vincent
1051 1995 1235 2058 liquido
1270 2011 1469 2045 omnem
1506 1996 1711 2045 caussam
1751 2017 1844 2049 no-

628 2062 788 2113 stram.
855 2060 1030 2109 Manet
1054 2060 1250 2111 affectio
1273 2062 1424 2128 (quod
1453 2077 1624 2112 omnes
1648 2064 1842 2133 scimus)

623 2129 771 2179 etiam
784 2126 840 2177 ad
853 2127 968 2193 ipsas
982 2129 1251 2193 opiniones.

941 2326 1256 2380 CADUT
1323 2328 1507 2381 XVI.

621 2453 713 2508 De
752 2448 1120 2534 appellatione
1157 2443 1224 2507 ab
1258 2450 1718 2532 interlocutione,
1767 2451 1839 2525 ά

947 2533 1250 2586 retrafiatione
1270 2536 1466 2602 ejusdem.

626 2664 1014 2772 Appellatum
1050 2672 1148 2730 est,
1181 2687 1292 2721 cum
1321 2670 1505 2724 admisit
1529 2673 1680 2736 judex
1696 2674 1838 2739 quos·-

743 2734 883 2793 dam,
915 2751 999 2798 qui
1025 2753 1258 2789 venerunt
1291 2741 1423 2790 velut
1459 2742 1581 2788 tertii
1607 2741 1838 2804 impedire

619 2813 721 2846 rem
749 2801 872 2850 inter
895 2802 1008 2851 alios
1026 2804 1281 2865 judicatam
1309 2821 1323 2854 .·
1358 2806 1492 2854 fimul
1520 2807 1571 2855 &
1608 2806 1837 2870 supplica-

619 2875 723 2915 tum
749 2865 966 2935 Principi
977 2883 1065 2935 pro
1075 2870 1412 2924 retractatione
1425 2873 1522 2939 ejus
1537 2872 1839 2987 admigfionis,

1698 2953 1837 3005 taque
