2396 3587
628 471 734 546 '238
885 465 1255 519 Annznrcr
1292 466 1645 519 Geni-1219

632 550 1042 611 mensurationem
1062 552 1332 618 accipietur.
1364 549 1493 620 Qae
1506 548 1804 614 odofredus,
1817 551 1876 606 &

631 636 808 676 contra
818 636 928 688 quae
943 619 1129 676 Decius
1143 651 1160 676 ‚
1182 617 1315 684 quod
1327 620 1377 669 in
1389 618 1542 669 dubio
1556 636 1660 670 non
1674 619 1730 670 fit
1740 636 1877 671 rece-

633 690 850 741 dendum
870 689 897 737 a
911 687 1070 737 verbis
1084 686 1251 737 literae.
1282 686 1407 738 Item
1424 718 1443 746 2
1474 687 1609 753 quod
1631 698 1760 740 certa
1773 704 1882 754 pars

633 773 724 823 pro
737 754 946 807 indiviso
961 752 1115 819 potest
1129 756 1325 804 alienari
1345 786 1364 813 ‚
1396 755 1584 804 ratione
1609 768 1774 821 quotae
1789 771 1881 821 pro

632 822 845 874 indiviso
869 822 1090 888 possideri
1113 835 1129 869 .·
1162 825 1280 870 item
1306 824 1491 872 ratione
1515 822 1627 873 loci.
1660 822 1797 874 Cum
1809 822 1881 873 est

593 946 595 948 ,
633 889 930 940 omnimoda
950 889 1243 944 incertitudo
1273 905 1477 954 utroque
1489 888 1704 955 respeftu
1731 890 1786 940 &
1811 890 1885 939 Io-

633 958 681 1006 ci
699 989 717 1016 ,
750 956 806 1007 &
830 970 995 1023 quotae
1010 989 1030 1016 ‚
1060 967 1171 1005 tum
1196 957 1352 1021 potest
1376 956 1473 1006 effe
1493 973 1663 1007 verum
1685 956 1877 1007 dietum

632 1022 819 1074 Bartoli
853 1042 864 1072 ;
896 1024 1029 1073 secus
1058 1021 1092 1071 fi
1117 1021 1409 1073 incertitudo
1436 1037 1625 1074 tantum
1663 1021 1879 1091 respee‘cu

631 1090 838 1140 alterius.
909 1089 974 1139 Et
997 1089 1217 1140 Bartolus
1243 1091 1359 1139 dicit
1388 1093 1514 1141 male
1540 1093 1779 1142 incertum
1803 1105 1879 1140 ra-

631 1158 771 1206 tione
801 1168 972 1222 quotae
1006 1172 1178 1205 centum
1216 1155 1388 1207 tabulas
1474 1157 1571 1208 Sed
1596 1158 1651 1208 &
1687 1160 1741 1208 i'n
1774 1158 1880 1206 sen-

630 1224 837 1273 tentiam
854 1221 1096 1272 Odofredi
1108 1222 1309 1273 affertur
1328 1256 1345 1280 ‚
1378 1226 1511 1287 quod
1534 1224 1742 1272 clauffila
1755 1239 1881 1270 con-

629 1289 783 1339 stituti
808 1289 907 1339 hoc
933 1287 1039 1338 casu
1077 1306 1179 1339 non
1206 1290 1424 1339 videatur
1449 1285 1734 1337 transtulisse
1768 1286 1880 1352 pos-

628 1356 880 1406 seffionem
906 1389 924 1415 ,
970 1372 1064 1405 nec
1087 1357 1369 1405 dominium
1398 1389 1414 1413 ‚
1452 1370 1566 1404 nam
1589 1354 1880 1419 intelligatur

627 1422 899 1473 secundum
928 1437 1148 1473 naturam
1182 1421 1462 1473 contraCtus
1491 1419 1734 1485 purificata
1759 1432 1877 1471 con-

628 1489 822 1539 ditione
860 1508 868 1536 z
915 1492 992 1538 cui
1032 1491 1145 1538 licet
1184 1491 1404 1554 derogari
1437 1502 1618 1537 naturae
1652 1486 1788 1552 poffit
1817 1487 1876 1540 de

625 1557 878 1606 voluntate
914 1558 1121 1619 partium
1157 1588 1174 1613 ‚
1221 1570 1388 1604 tamen
1428 1556 1475 1603 id
1503 1554 1564 1603 fic
1601 1555 1670 1604 est
1696 1586 1714 1612 ‚
1757 1570 1876 1605 cum

624 1623 842 1688 expresse
853 1623 939 1679 fit,
976 1640 1077 1673 non
1107 1621 1137 1671 fi
1157 1621 1430 1688 simpliciter
1456 1623 1651 1686 ponitur
1671 1620 1879 1673 clausula

627 1691 877 1740 constituti
912 1705 927 1738 .·
965 1705 1056 1740 nec
1081 1692 1217 1739 enim
1245 1690 1481 1755 generalis
1510 1687 1712 1739 clausula
1727 1687 1876 1740 dero-

423 1754 576 1813 Pan-³²}
631 1772 708 1823 get
753 1757 1030 1807 conditioni
1069 1773 1128 1806 ex
1168 1771 1334 1807 natura
1375 1755 1667 1806 contractus.
1746 1753 1873 1806 Item

418 1804 610 1893 2222*
632 1841 724 1875 nec
739 1838 963 1890 operetur
983 1824 1192 1874 clausula
1214 1824 1494 1880 constituti,
1521 1825 1606 1872 ubi
1632 1824 1874 1874 incertum

419 1907 515 1943 nde
528 1919 607 1954 aeq.
632 1893 702 1942 est
728 1895 910 1942 ratione
938 1893 1031 1940 loci
1061 1892 1112 1941 ὅ(
1141 1907 1305 1955 quotae
1335 1909 1343 1937 t
1383 1905 1431 1939 ut
1450 1892 1527 1940 hic
1549 1890 1631 1940 est.
1663 1888 1730 1940 Et
1749 1905 1874 1940 con·

420 1956 606 2014 evff-Ang·
632 1961 817 2011 trahaec
837 1973 997 2008 tamen
1015 1958 1199 2008 Decius
1233 1977 1239 2004 z
1276 1957 1427 2023 quod,
1450 1956 1533 2007 etsi
1551 1974 1606 2006 ea
1621 1971 1731 2006 vera
1745 1955 1837 2005 fi'nt
1852 1988 1873 2016 ,

419 2008 592 2103 ζῗείξοῗζξ
630 2044 741 2092 quae
765 2025 827 2075 de
841 2025 1114 2075 constituto
1144 2025 1274 2076 dieta
1299 2027 1404 2074 sunt
1440 2058 1455 2082 ,
1488 2025 1685 2076 traditio
1707 2037 1872 2073 tamen

424 2085 612 2144 rodeid
628 2111 688 2144 ex
725 2094 992 2144 constituto
1027 2107 1250 2158 operatur
1276 2093 1512 2141 effectum
1553 2090 1871 2141 mensuratio-

422 2156 552 2195 vfndh·
630 2164 705 2210 nis
722 2195 738 2219 ‚
771 2176 822 2211 ut
836 2157 1327 2225 periculumtranseat
1354 2161 1406 2209 ὅ(
1436 2159 1655 2207 venditio
1683 2157 1737 2207 sit
1764 2174 1870 2222 per-

630 2228 788 2287 fefflu
821 2243 923 2278 non
949 2227 1081 2291 quod
1099 2229 1237 2276 tacita
1258 2227 1478 2277 conditio
1503 2225 1872 2276 mensurationis

629 2296 823 2345 tollatur
849 2327 867 2353 ‚
899 2292 977 2345 sed
1009 2310 1096 2360 per
1120 2294 1432 2345 traditionem
1473 2292 1641 2342 fortius
1666 2293 1872 2357 implea-

628 2376 707 2412 tur
730 2361 938 2412 eflectus
967 2394 987 2422 ,
1018 2362 1102 2427 qui
1125 2377 1184 2411 ex
1211 2361 1572 2412 mensuratione
1598 2358 1869 2410 inducitur:

421 2430 462 2469 d·
478 2430 502 2467 l·
517 2439 550 2465 2·
575 2441 606 2487 ,ι
631 2445 744 2479 nam
760 2428 886 2478 faCta
899 2427 1158 2479 traditione
1183 2428 1461 2479 transsatum
1475 2427 1750 2477 dominium
1766 2427 1867 2489 est3

420 2489 602 2577 ἱξζῇξζζζ
635 2496 967 2560 &periculum
993 2498 1200 2561 pertinet
1228 2498 1285 2546 ad
1301 2510 1605 2561 emptorem,
1639 2494 1749 2560 quia
1777 2494 1869 2543 do·

420 2556 615 2628 ‹nthham
635 2565 800 2613 minus
840 2565 1087 2630 reperitur·
1153 2562 1235 2615 Sic
1265 2564 1316 2614 &c
1355 2562 1643 2612 mensuratio
1668 2593 1685 2619 ‚
1717 2561 1864 2611 etiarn

424 2633 580 2668 ”adffl-
632 2646 739 2681 non
775 2629 901 2680 faeta
934 2630 1193 2682 traditione
1227 2661 1246 2691 ‚
1286 2630 1505 2682 transfert
1545 2628 1810 2695 periculum
1857 2644 1868 2677 z

422 2687 498 2717 ‘⁸⁷'
631 2700 747 2763 quia
770 2712 853 2763 per
881 2712 989 2749 eam
1021 2709 1212 2763 apparet
1247 2697 1309 2748 de
1345 2697 1497 2764 specie
1540 2695 1733 2746 vendita
1763 2712 1770 2742 t
1811 2694 1865 2745 δε

629 2766 698 2814 rei
728 2763 940 2815 venditae
967 2767 1018 2815 in
1041 2766 1195 2831 specie
1217 2796 1235 2824 ,
1267 2766 1378 2817 licet
1403 2780 1505 2815 non
1530 2763 1711 2813 traditae
1731 2796 1743 2816 ,
1773 2759 1866 2811 sta-

635 2833 724 2882 tim
749 2831 815 2881 est
840 2832 1111 2896 periculum
1137 2835 1372 2899 emptoris
1407 2850 1415 2882 :
1455 2832 1607 2895 major
1629 2844 1789 2880 autem
1811 2827 1864 2879 fit

630 2897 870 2963 perfectio
890 2914 947 2952 ex
971 2899 1276 2952 transsatione
1299 2899 1509 2953 dominii
1535 2934 1554 2964 ‚
1595 2911 1864 3014 quagffi·

1708 2977 1777 3017 ric
1849 2998 1865 3014 .
