2396 3587
615 480 901 532 HtsPAN.
933 473 1291 527 Anvoctm.
1325 475 1473 527 Lrn.
1504 475 1580 526 11.
1644 492 1735 545 253

527 571 634 618 ωε,
650 555 776 621 aliud
803 571 902 605 non
924 555 1182 605 secundum
1203 557 1281 618 jus
1302 555 1404 606 fieri
1428 558 1574 607 inista
1587 560 1742 610 cauffa

523 625 715 674 subditis
737 621 806 670 sui
829 621 984 684 Regis
995 634 1015 679 ,3
1046 622 1176 685 quod
1191 621 1284 669 dati
1297 623 1616 685 appellationis
1627 624 1651 672 s
1649 639 1735 675 unt

522 690 712 755 Judices
723 688 775 736 ὃ(
790 685 1074 736 Professores
1081 688 1197 749 juris
1212 688 1510 753 municipalis
1522 690 1740 753 Angliae,

528 772 629 805 non
653 752 738 803 soli
764 749 1010 815 Doctores
1039 750 1212 799 Civilis
1235 753 1350 813 juris
1378 756 1493 801 item
1530 755 1736 820 Angliae.

527 821 666 871 Nam
693 816 864 868 caussae
889 818 1012 866 inter
1034 829 1255 865 externos
1277 818 1351 880 hae
1368 819 1642 881 judicantur
1658 837 1740 885 per

528 888 623 936 hoc
630 887 703 949 jus
713 884 854 933 civile
875 899 885 930 t
914 882 966 932 &
979 883 1082 931 haec
1089 885 1103 944 j
1112 883 1294 931 udicata
1306 883 1372 932 est
1383 900 1462 948 per
1475 885 1569 933 hoc
1580 882 1738 936 civile.

531 953 593 1002 Et
609 966 737 1001 nunc
749 965 862 998 cum
881 948 1142 998 videndum
1165 950 1216 997 in
1240 950 1582 1013 appellatione,
1614 951 1646 999 fi
1669 954 1739 1004 cst

522 1018 786 1083 judicatum
813 1015 963 1072 bene,
995 1014 1262 1063 videndum
1287 1015 1383 1073 est,
1419 1015 1450 1063 si
1473 1016 1541 1065 est
1556 1018 1742 1078 judica-

531 1097 635 1133 tum
652 1080 1040 1130 benesecundum
1058 1080 1135 1142 jus
1148 1079 1292 1137 illud,
1324 1082 1582 1131 secundum
1607 1086 1739 1147 quod

533 1150 623 1198 fuit
640 1145 951 1212 judicandum
979 1161 990 1193 ε
1022 1146 1074 1193 in
1097 1161 1190 1210 qua
1213 1144 1392 1194 visione
1410 1149 1524 1210 quid
1551 1149 1743 1201 videant

531 1215 626 1272 illi,
662 1210 1060 1277 quialteriussunt
1074 1212 1220 1274 juris,
1253 1210 1458 1275 Legatus
1480 1229 1580 1261 non
1593 1216 1740 1269 vider.

535 1280 784 1331 Existimat
798 1277 1031 1341 Legatus,
1061 1293 1152 1327 nec
1165 1277 1435 1341 responderi
1455 1276 1612 1341 posse,
1643 1281 1740 1332 effe

539 1347 598 1395 fic
614 1345 891 1396 consuetum
907 1375 924 1401 ,
957 1358 1009 1392 ut
1026 1342 1086 1391 fic
1099 1345 1408 1407 municipales
1422 1360 1612 1408 quoque
1622 1347 1744 1396 den-

535 1426 624 1463 tur.
659 1410 740 1460 Est
752 1411 880 1458 enim
898 1409 1170 1458 rariffimum
1185 1410 1277 1457 hoc
1301 1408 1479 1458 faecum
1495 1441 1511 1466 ,
1543 1426 1631 1460 nec
1656 1412 1745 1462 nifi

536 1476 818 1528 increscente
831 1477 1040 1539 potentia
1055 1475 1430 1539 municipalium.
1461 1475 1527 1524 Et
1552 1492 1746 1541 praeter-

538 1561 594 1594 ea
617 1543 794 1594 faitum
820 1543 906 1591 erit
930 1543 978 1589 in
1000 1541 1192 1599 cauffis,
1222 1556 1330 1604 quae
1342 1541 1544 1604 aliquam
1570 1543 1745 1596 habent

540 1612 792 1660 mixturam
807 1608 832 1655 a
842 1609 945 1670 jure
958 1606 1164 1672 ipsorum
1178 1608 1452 1670 municipali
1466 1609 1539 1655 vel
1555 1610 1603 1656 in
1617 1608 1751 1660 caus-

542 1677 724 1727 fiscum
748 1673 945 1723 subditis
962 1704 979 1730 ,
1002 1672 1076 1721 vel
1101 1673 1246 1720 etiam
1263 1687 1373 1720 curn
1403 1676 1606 1725 externis
1628 1678 1746 1727 aliis.

544 1745 624 1809 Et
638 1741 793 1808 fasta
807 1741 920 1804 alia
935 1784 956 1815 ,
986 1747 1048 1807 &
1077 1738 1234 1805 faeta
1259 1739 1513 1804 aliorum
1528 1745 1608 1806 ad
1631 1743 1748 1811 alia

542 1833 705 1916 faeta,
738 1853 861 1896 non
896 1830 1210 1896 trahuntur
1244 1873 1266 1906 ,
1320 1848 1422 1894 aut
1457 1831 1536 1894 ad
1571 1832 1740 1898 alios.

540 1922 666 1972 Non
679 1922 814 1970 timet
829 1919 1034 1983 Legatus
1047 1917 1376 1981 municipales,
1386 1931 1465 1966 aut
1475 1920 1545 1978 jus
1557 1936 1722 1970 eorum
1739 1939 1750 1968 t

545 1987 622 2037 sed
649 1989 676 2036 'a
692 1989 795 2050 jure
817 1999 949 2034 certo
970 1984 1182 2048 gentium
1213 1999 1302 2048 pro
1322 1983 1474 2047 Regis
1487 1985 1551 2033 sui
1567 1987 1750 2038 honore

549 2054 671 2103 nolit
682 2051 916 2102 d1scedere
928 2083 945 2111 ,
960 2050 993 2097 fi
1006 2051 1172 2098 annuit
1184 2048 1340 2115 Regia
1351 2050 1501 2099 vestra
1516 2050 1752 2115 MajestaS.

641 2210 877 2292 Illustria
893 2212 1125 2272 Domine
1136 2206 1449 2295 ‚justissime
1467 2209 1664 2273 Iudex.

555 2349 668 2460 N
685 2345 768 2396 On
791 2360 1135 2412 repugnamus,
1166 2347 1283 2410 quin
1298 2345 1458 2395 cautio
1479 2344 1626 2394 detur.
1664 2344 1759 2394 Sed

684 2413 783 2464 duo
799 2415 848 2461 in
862 2412 944 2461 ista
965 2412 1156 2462 datione
1169 2413 1375 2475 petimus
1403 2413 1636 2474 :primurn
1656 2443 1674 2469 ,
1704 2417 1759 2460 ut

555 2479 796 2529 moderata
809 2479 1061 2543 recipiatur
1085 2479 1274 2535 cautio,
1299 2476 1455 2534 idest,
1485 2479 1671 2527 circiter
1682 2492 1764 2525 va-

556 2546 710 2594 lorem
726 2560 893 2594 verum
923 2559 940 2591 .·
972 2544 1170 2592 alterum
1183 2574 1199 2600 ,
1216 2554 1267 2591 ut
1281 2543 1628 2606 hiaccipiantur
1644 2542 1763 2591 fide-

552 2609 747 2677 juffores
770 2641 788 2665 ‚
819 2611 900 2674 qui
925 2608 1024 2659 dari
1047 2611 1075 2657 a
1095 2609 1318 2659 Domino
1341 2608 1525 2672 Legato
1548 2608 1766 2672 possunt,

559 2676 608 2726 id
632 2675 699 2727 est
717 2708 733 2733 ,
769 2678 796 2724 Ξι
813 2677 1079 2740 peregrino,
1145 2674 1366 2738 Atquein
1395 2675 1648 2737 posteriore
1672 2676 1769 2723 hoc

560 2742 646 2793 scit
682 2741 992 2792 Dofflffimus
1029 2740 1276 2788 Dominus
1297 2770 1316 2796 ,
1357 2739 1765 2803 quemadmodum

562 2824 732 2858 omnes
744 2809 1019 2869 interpretes
1032 2805 1209 2868 semper
1220 2805 1418 2861 docent,
1433 2807 1571 2853 etiam
1589 2807 1772 2867 jurato-

567 2875 683 2926 riam
704 2874 979 2921 cautionem
993 2873 1143 2936 (quod
1156 2884 1314 2919 tamen
1329 2887 1416 2920 nos
1431 2886 1527 2921 non
1542 2867 1782 2934 petimus)-

1695 2937 1778 2985 ad·
