2396 3587
631 444 1308 502 HisPAN.ADvocA·r.
1347 451 1590 507 L1B.11.
1662 471 1755 525 247

535 529 889 580 antevenditio.
924 530 1175 590 Duoaiia,
1208 548 1315 596 quae
1331 532 1494 594 habet,
1508 551 1616 587 vera
1629 537 1755 586 sunt.

536 598 779 670 primum,
811 609 864 645 ut
886 596 1123 647 Notarius
1149 611 1355 662 nequeat
1380 597 1492 648 sane
1518 603 1757 652 conficere

535 661 907 711 instrumentum
932 676 1045 711 ante
1072 665 1263 728 ternpus
1277 663 1464 713 dicium
1483 666 1508 715 *a
1526 671 1758 729 partibus:

534 727 737 776 alterum
765 758 784 783 2
818 742 870 777 ut
893 727 1103 794 perfecsta
1125 729 1179 777 fit
1207 728 1422 779 venditio
1456 746 1564 781 ante
1587 736 1753 784 instru-

535 807 758 843 mentum
784 826 800 853 ,
835 794 868 844 s1
897 796 950 844 &
971 798 1081 843 an'te
1108 794 1394 844 solvendum
1428 797 1570 848 fuerit
1594 813 1758 850 totum

531 860 739 923 pretium
764 876 777 907 :
811 876 923 911 nam
938 860 1255 926 pretiisolutio
1267 864 1415 927 arguit
1425 865 1756 915 venditionem

531 925 793 990 perfectam
824 941 834 973 :
873 943 984 976 cum
1011 927 1064 977 fit
1087 927 1336 977 absurdum
1365 961 1381 986 ‚
1408 933 1612 996 pretium
1638 933 1756 981 solvi

531 994 673 1055 prius.
709 992 856 1056 Quod
882 993 1033 1060 potest
1046 993 1374 1043 effelimitatio
1396 998 1636 1059 opinionis
1651 996 1758 1046 Ca-

533 1057 731 1107 strenfis.
763 1059 951 1109 Verum
967 1060 1093 1108 idem
1112 1058 1373 1109 Castrensis
1388 1062 1433 1109 in
1453 1064 1650 1113 consilio
1669 1065 1757 1112 ali-

532 1139 633 1188 quo
649 1127 821 1174 citatur
835 1126 917 1175 fibi
933 1127 1222 1186 contrariuS,
1256 1127 1308 1175 &
1332 1128 1616 1191 respondens
1628 1130 1686 1178 ad
1711 1129 1757 1179 d.

535 1191 826 1241 Leonnafflm
874 1192 1004 1254 quod
1029 1193 1095 1240 ibi
1159 1206 1276 1241 artes
1302 1208 1492 1258 egerant
1514 1195 1752 1259 expresse,

534 1258 664 1323 quod
680 1258 765 1307 nis1
781 1257 1002 1307 confec&
1016 1257 1082 1306 fui
1125 1271 1168 1306 et
1182 1257 1431 1323 scriptura,
1458 1261 1575 1310 nihil
1592 1261 1754 1311 adium

535 1324 630 1373 esse
646 1324 929 1373 censeretur.
974 1324 1137 1389 Itaque
1162 1324 1406 1375 Decianus
1430 1327 1597 1382 infert,
1627 1328 1756 1392 quod

534 1393 748 1439 variante
763 1389 1001 1448 Doeiore,
1016 1390 1223 1440 tenenda
1236 1390 1291 1439 fit
1305 1394 1402 1455 ejus
1414 1394 1600 1458 opinio,
1614 1410 1758 1458 quam

539 1458 591 1506 in
622 1456 826 1505 consiliis
851 1457 929 1504 ille
955 1458 1118 1505 tenuit.
1185 1457 1279 1507 Sed
1306 1458 1384 1506 hic
1410 1460 1531 1508 &in
1556 1459 1761 1510 consiliis

536 1524 705 1572 citatus
720 1523 786 1572 est
800 1520 1056 1572 Castrensis
1072 1538 1157 1587 pro
1170 1525 1325 1588 priore
1338 1526 1590 1588 opinione:
1610 1542 1759 1590 quam

537 1587 799 1638 Castrensis
823 1590 1081 1653 genuinam
1109 1589 1201 1639 esse
1227 1622 1244 1646 ,
1281 1606 1451 1641 omnes
1485 1593 1762 1657 agnoscunt.

539 1654 673 1705 Citat
694 1655 944 1704 Decianus
968 1670 1055 1719 pro
1081 1655 1160 1705 sua
1189 1655 1399 1705 Gratum
1430 1689 1447 1716 ,
1480 1658 1608 1723 quod
1634 1674 1758 1707 con-

541 1724 708 1772 ventio
721 1721 781 1770 de
796 1722 1009 1786 rogando
1029 1721 1293 1771 Notarium
1321 1737 1407 1787 pro
1438 1724 1760 1773 instrumento

541 1804 643 1837 non
666 1788 804 1837 faciat
829 1786 920 1836 effe
940 1789 1105 1836 locum
1136 1790 1438 1853 poenitentiae
1462 1821 1479 1848 ,
1514 1790 1546 1838 fi
1569 1805 1761 1840 contra-

541 1853 649 1903 θεας
662 1855 769 1904 alias
785 1854 836 1902 fit
850 1853 1118 1918 perfedkus:
1151 1855 1203 1904 &
1215 1853 1345 1919 quod
1362 1857 1425 1905 ita
1441 1869 1606 1906 tenent
1621 1873 1759 1906 corn-

542 1919 1025 1970 muniterDodiores.
1053 1919 1203 1985 Qod
1216 1935 1378 1970 tamen
1392 1938 1550 1988 neque
1561 1924 1759 1972 conclu-

543 1986 732 2045 dithic,
765 2002 865 2034 non
879 1984 970 2034 esse
983 2001 1229 2054 propterea
1254 1988 1557 2037 contractum
1584 1989 1761 2038 condi—

543 2052 771 2102 tionalem
788 2083 805 2110 ,
828 2051 912 2100 etfi
927 2069 1024 2101 non
1040 2052 1093 2101 sit
1107 2054 1240 2103 locus
1253 2055 1568 2120 poenitentiae.
1599 2055 1761 2104 Etiam

544 2120 606 2167 de
628 2117 875 2168 contrafflm
899 2118 1113 2184 perfeeto
1137 2119 1347 2184 loquitur
1369 2121 1550 2171 Gratus
1585 2137 1594 2169 ε
1629 2122 1762 2187 quod

544 2185 594 2233 in
610 2185 870 2249 quaestione
886 2184 1042 2234 nostra
1055 2186 1234 2236 adferre
1246 2217 1262 2240 ‚
1278 2188 1395 2236 nihil
1413 2188 1536 2236 aliud
1552 2187 1603 2236 s1t
1615 2204 1761 2252 quam

544 2252 833 2316 principium
850 2264 1020 2315 petere.
1036 2251 1315 2316 Ergoquod
1334 2252 1486 2302 subdit
1502 2254 1765 2313 Decianus⁹

545 2331 701 2382 patere
715 2315 807 2365 esse
821 2333 1138 2366 communem
1153 2321 1439 2383 opinionem
1460 2351 1475 2371 ‚
1505 2336 1650 2384 quam
1669 2321 1765 2384 ipse

545 2383 821 2440 defensitan,
856 2384 973 2432 mihi
997 2400 1112 2433 vero
1140 2401 1238 2434 non
1265 2399 1405 2450 patet.
1439 2386 1627 2451 Opinio
1648 2402 1765 2434 con-

549 2451 686 2498 traria
709 2448 884 2498 dicitur
917 2464 927 2496 ε
964 2449 1236 2514 Old1·.J0h.
1262 2452 1388 2500 And.
1407 2452 1520 2514 Joh.
1557 2452 1617 2501 de
1642 2453 1768 2501 Ana.

547 2514 816 2579 Fulglmo.
837 2514 918 2565 Ias.
932 2513 1039 2565 Soc.
1066 2530 1235 2579 praeter
1259 2519 1411 2583 ipsum
1441 2517 1770 2567 Czistrensem.

549 2583 604 2633 δε
628 2583 869 2640 Decium,
902 2583 956 2632 &
981 2583 1240 2632 Affliewm
1271 2614 1289 2641 ,
1323 2584 1376 2634 &
1412 2601 1485 2634 res
1515 2583 1768 2646 judicatas,

547 2650 599 2697 in
627 2648 801 2713 quibus
828 2649 1025 2698 varietas
1048 2649 1316 2699 adnotatur.
1347 2649 1773 2708 DicitDecianus‚

549 2715 977 2764 inconvincibilem
1024 2715 1154 2764 illam
1195 2719 1433 2764 rationem
1473 2715 1565 2779 effe
1587 2748 1605 2774 ‚
1638 2716 1770 2780 quod

547 2795 697 2846 partes
732 2779 979 2829 censentur
1007 2781 1051 2829 se
1077 2781 1397 2831 conformasse
1435 2799 1545 2831 curn
1578 2781 1773 2845 disposi-

548 2849 680 2898 tione
697 2847 826 2913 juris.
861 2845 940 2898 Ius
952 2860 1111 2899 autem
1126 2863 1227 2897 non
1244 2848 1329 2896 nisi
1352 2847 1409 2898 ad
1432 2849 1768 2914 psobationem

1223 2913 1338 2979 (ξφ
1690 2913 1771 2963 de·
