2396 3587
648 452 934 501 H1sPAN.
970 461 1313 497 ADVOCAT.
1348 463 1492 501 LIB..
1518 453 1588 503 ΙΙ.
1660 472 1753 522 219

527 533 901 587 controversiam
951 531 1125 581 faciant
1184 530 1394 581 dominii
1437 551 1622 588 rerum:
1655 556 1754 594 non

528 601 722 666 quidem
736 611 860 650 certa
877 598 1078 648 vidioria
1092 611 1257 647 manet
1268 599 1404 660 illos;
1437 613 1644 655 attamen
1660 620 1756 658 tra-

525 668 688 718 himur
699 683 789 716 nos
802 668 853 715 in
864 664 1060 714 dubiam
1074 680 1301 730 pugnam,
1316 679 1458 732 atque
1476 673 1754 736 ancipitem.

524 733 701 783 Ausim
723 748 817 798 ego
838 731 1095 781 defendere
1111 763 1128 790 ‚
1167 731 1292 781 bona
1315 733 1516 799 litigiosa
1536 753 1639 787 non
1664 757 1757 800 no-

525 799 750 861 straesse,
783 799 860 849 sed
887 799 1042 863 magis
1077 800 1314 864 pertinere
1350 802 1408 850 ad
1445 803 1754 858 adversarios:

524 868 606 917 vix
633 882 720 931 pro
743 879 874 931 parte
900 867 1103 915 minima
1124 864 1217 914 effe
1241 867 1412 918 nostra.
1457 868 1590 935 Qd
1618 874 1754 924 enim

521 933 713 999 prolixo
728 948 839 982 meo
851 932 1072 996 responso
1085 932 1296 995 quodam
1317 936 1564 999 quondam
1583 939 1755 1003 proba-

522 1001 605 1059 vi,
639 999 725 1049 nisi
740 999 868 1064 quod
885 998 1034 1049 videri
1051 998 1340 1049 falfiffimum
1356 1003 1509 1066 potest
1523 1034 1541 1058 ‚
1568 1007 1647 1068 jus
1674 1005 1754 1056 hic

523 1065 803 1131 Hispanicis
828 1066 921 1116 effe
946 1065 1270 1132 postliminii?
1301 1066 1435 1134 Qid
1449 1072 1605 1130 evici,
1638 1088 1755 1122 cum

525 1132 747 1193 ostendi,
780 1132 892 1183 duci
916 1139 1063 1198 capta'
1084 1132 1349 1198 Hispanica
1372 1135 1467 1184 five
1494 1138 1545 1186 in
1559 1139 1755 1188 territo-

519 1199 673 1259 rium,
690 1199 790 1249 five
811 1215 896 1266 per
909 1201 1205 1250 territorium
1218 1216 1318 1250 non
1336 1201 1468 1267 poffe
1481 1201 1638 1268 Regis
1660 1221 1757 1254 no-

521 1264 634 1317 stri?
668 1265 819 1316 Volui
863 1266 1157 1317 concludere
1180 1298 1197 1326 ,
1235 1269 1369 1332 quod
1405 1269 1756 1336 inconsequens

519 1332 781 1383 existimari
818 1334 973 1393 valet,
1010 1333 1156 1384 dueta
1182 1335 1328 1398 igitur
1353 1334 1457 1386 fieri
1481 1336 1643 1387 libera.
1686 1337 1762 1406 Et.¹

522 1400 718 1450 tertium
752 1399 869 1450 illud
895 1402 1063 1464 quanti
1089 1400 1346 1451 habebitur
1369 1432 1388 1460 2
1418 1403 1550 1467 quod
1588 1401 1759 1454 eadem

520 1478 660 1532 capta
672 1467 725 1517 δε
737 1465 937 1532 poffeffa
963 1469 1062 1517 dies
1080 1483 1136 1516 ac
1150 1466 1334 1518 menses
1347 1497 1367 1522 2
1401 1484 1506 1529 non
1520 1468 1610 1519 smt
1625 1485 1762 1535 quae-

520 1532 1095 1598 fitatamencapientibus
1112 1545 1252 1592 ante,
1288 1550 1433 1599 quam
1451 1536 1573 1585 intra
1597 1536 1760 1602 praefi-

522 1599 602 1649 dia
614 1599 841 1665 perducta
853 1599 942 1650 sint
955 1601 1251 1665 capientium
1267 1600 1286 1650 Ρ
1302 1600 1510 1650 indicavi
1523 1603 1630 1653 haec
1640 1603 1757 1654 olim

524 1665 717 1717 Taxio:
743 1683 845 1718 non
861 1664 936 1729 (ut
959 1667 1118 1722 nunc)
1135 1679 1327 1731 propter
1353 1666 1560 1719 cauffam
1588 1670 1726 1719 aliam
1743 1702 1763 1730 ,

523 1747 697 1783 verum
722 1734 833 1799 quia
859 1732 923 1782 fic
945 1732 1039 1798 ipsa
1051 1732 1212 1782 essent.
1247 1732 1387 1783 Etfic
1402 1734 1762 1785 sunttnarroti-

523 1800 591 1850 bi.
625 1799 689 1850 Et
703 1800 765 1849 fic
779 1816 880 1849 non
892 1812 1033 1850 erunt
1044 1812 1205 1849 tamen
1220 1830 1237 1858 ,
1250 1798 1285 1847 s1
1299 1800 1512 1851 venditio
1526 1802 1609 1851 ista
1627 1804 1637 1849 i
1645 1818 1759 1853 nea·

525 1877 621 1918 tur.
654 1865 849 1919 Scilicet
875 1865 1096 1916 venditio
1120 1866 1288 1928 faciet,
1308 1867 1436 1932 quasi
1459 1884 1562 1917 non
1577 1867 1669 1918 effe
1686 1884 1761 1918 res

527 1933 719 1983 easdem
736 1965 753 1992 2
781 1933 834 1983 &
857 1934 1016 1998 itaque
1044 1948 1137 1982 nec
1164 1932 1318 1982 ullum
1341 1935 1433 1983 erit
1459 1946 1760 1998 recuperato-

526 2002 654 2050 rium
670 2032 686 2059 ‚
699 2000 887 2050 nullum
896 2002 912 2064 j
924 2000 1136 2049 udicium
1152 2000 1449 2065 petitorium.
1482 2000 1634 2050 Actio
1648 2013 1759 2067 per·-

528 2064 701 2117 sonalis
727 2066 951 2132 supererit
981 2066 1170 2117 fortasse
1197 2065 1487 2121 Hollandis,
1525 2067 1758 2118 exstincta
1785 2098 1787 2100 -

528 2135 644 2185 relia
669 2133 1018 2183 commodiore.
1050 2133 1114 2183 Et
1131 2131 1199 2183 ’sic
1222 2132 1393 2182 addere
1407 2134 1540 2198 plura
1555 2133 1750 2198 posfim:

527 2217 639 2266 quae
662 2199 1070 2254 demonstrarent,
1099 2215 1182 2264 per
1208 2199 1539 2251 venditionem
1567 2200 1756 2250 conser-

527 2270 630 2318 vari
655 2268 796 2317 nobis
822 2268 950 2317 bona
984 2267 1231 2332 praesentia
1260 2298 1278 2327 2
1313 2267 1569 2331 propulsari
1595 2267 1754 2316 futura

528 2335 669 2388 mala.
734 2333 964 2384 I-Iaectibi
987 2336 1243 2383 inaurem:
1278 2348 1390 2398 quae
1413 2334 1614 2398 potiora.
1645 2333 1752 2383 Ne·

528 2417 624 2466 que
641 2400 718 2449 illa
730 2400 986 2465 spernenda
1010 2412 1206 2458 tamen,
1237 2415 1347 2465 quae
1373 2401 1563 2450 exaravi
1579 2399 1750 2464 judici,

527 2469 686 2532 objeci
702 2468 971 2516 adversariis
1001 2467 1061 2516 de
1074 2468 1275 2517 rebusin
1299 2467 1436 2516 horas
1461 2467 1750 2531 corruptibi-

526 2535 652 2585 libus
673 2551 682 2581 :
719 2533 771 2582 δε
801 2550 910 2598 quae
955 2530 1246 2583 Clariffimus
1290 2532 1486 2584 Doctor
1527 2532 1751 2582 Tailerus

526 2600 740 2651 disseruit
752 2600 810 2649 de
823 2599 1113 2649 inconstanti
1135 2615 1292 2649 rerum
1310 2601 1492 2663 preti0‚
1524 2598 1637 2649 &id
1662 2614 1750 2663 ge·-

527 2684 619 2718 nus
634 2668 825 2731 reliqua.
857 2665 1053 2715 Merces
1067 2665 1165 2716 istae
1179 2666 1285 2715 sunt
1308 2666 1495 2715 venales
1510 2696 1527 2723 ,
1555 2665 1609 2714 &
1632 2663 1747 2730 quid

529 2736 584 2784 ni
599 2736 740 2799 igitur
766 2733 1002 2782 veneant?
1023 2732 1336 2790 Honestum,
1362 2732 1641 2797 justumque
1667 2746 1748 2783 ac-

528 2801 625 2866 cipi
657 2799 859 2864 ipsarum
890 2815 1021 2849 nunc
1044 2799 1200 2864 potest
1225 2800 1432 2863 pretium
1457 2829 1475 2856 ‚
1518 2798 1571 2847 ὃς
1604 2796 1747 2860 quid-

531 2869 585 2916 ni
612 2868 755 2934 igitur
793 2868 845 2917 in
877 2865 1123 2933 praesentia
1167 2861 1512 2918 distrahantur?
1578 2862 1748 2979 PPilcff

1636 2944 1697 2996 op
1733 2944 1750 2976 ι
