<?xml version="1.0" encoding="UTF-8"?>
<!DOCTYPE html PUBLIC "-//W3C//DTD XHTML 1.0 Transitional//EN"
    "http://www.w3.org/TR/xhtml1/DTD/xhtml1-transitional.dtd">
<html xmlns="http://www.w3.org/1999/xhtml" xml:lang="en" lang="en">
 <head>
  <title>
</title>
<meta http-equiv="Content-Type" content="text/html;charset=utf-8" />
  <meta name='ocr-system' content='tesseract 3.04.00' />
  <meta name='ocr-capabilities' content='ocr_page ocr_carea ocr_par ocr_line ocrx_word'/>
</head>
<body>
  <div class='ocr_page' id='page_1' title='image "./hispanicaeadvoca01gentuoft_0272.png"; bbox 0 0 2396 3587; ppageno 0'>
   <div class='ocr_carea' id='block_1_1' title="bbox 677 435 1666 491">
    <p class='ocr_par' dir='ltr' id='par_1_1' title="bbox 677 435 1666 491">
     <span class='ocr_line' id='line_1_1' title="bbox 677 435 1666 491; baseline -0.002 -2"><span class='ocrx_word' id='word_1_1' title='bbox 677 435 779 490; x_wconf 77' lang='lat'><strong>208</strong></span> <span class='ocrx_word' id='word_1_2' title='bbox 927 436 1274 491; x_wconf 72' lang='lat' dir='ltr'><strong>AL-Bssmm</strong></span> <span class='ocrx_word' id='word_1_3' title='bbox 1307 439 1666 491; x_wconf 69' lang='lat' dir='ltr'><strong>GENTtms</strong></span> 
     </span>
    </p>
   </div>
   <div class='ocr_carea' id='block_1_2' title="bbox 465 511 1920 2982">
    <p class='ocr_par' dir='ltr' id='par_1_2' title="bbox 468 511 1920 1126">
     <span class='ocr_line' id='line_1_2' title="bbox 470 511 1918 599; baseline 0 -19"><span class='ocrx_word' id='word_1_4' title='bbox 470 511 703 599; x_wconf 52' lang='lat'><strong>}‘8122‘3&#39;7‘2‘11</strong></span> <span class='ocrx_word' id='word_1_5' title='bbox 717 528 783 580; x_wconf 86' lang='lat' dir='ltr'><strong>Et</strong></span> <span class='ocrx_word' id='word_1_6' title='bbox 804 528 870 579; x_wconf 86' lang='lat' dir='ltr'><strong>ita</strong></span> <span class='ocrx_word' id='word_1_7' title='bbox 883 528 1071 580; x_wconf 82' lang='lat' dir='ltr'><strong>Decius</strong></span> <span class='ocrx_word' id='word_1_8' title='bbox 1085 531 1141 581; x_wconf 86' lang='lat' dir='ltr'><strong>in·</strong></span> <span class='ocrx_word' id='word_1_9' title='bbox 1153 532 1512 584; x_wconf 54' lang='lat' dir='ltr'><strong>terminishic,</strong></span> <span class='ocrx_word' id='word_1_10' title='bbox 1529 531 1584 580; x_wconf 69' lang='grc' dir='ltr'><strong>ὃς</strong></span> <span class='ocrx_word' id='word_1_11' title='bbox 1608 526 1822 592; x_wconf 59' lang='lat' dir='ltr'><strong>Berojuse</strong></span> <span class='ocrx_word' id='word_1_12' title='bbox 1852 527 1918 580; x_wconf 85' lang='lat' dir='ltr'><strong>Et</strong></span> 
     </span>
     <span class='ocr_line' id='line_1_3' title="bbox 469 591 1918 662; baseline -0.003 -12"><span class='ocrx_word' id='word_1_13' title='bbox 469 591 662 661; x_wconf 54' lang='lat' dir='ltr'><strong>csapem:</strong></span> <span class='ocrx_word' id='word_1_14' title='bbox 681 595 895 646; x_wconf 78' lang='lat' dir='ltr'><strong>Decium</strong></span> <span class='ocrx_word' id='word_1_15' title='bbox 924 597 988 647; x_wconf 76' lang='lat' dir='ltr'><strong>sic</strong></span> <span class='ocrx_word' id='word_1_16' title='bbox 1014 598 1225 662; x_wconf 87' lang='lat' dir='ltr'><strong>sequitur</strong></span> <span class='ocrx_word' id='word_1_17' title='bbox 1249 598 1467 648; x_wconf 85' lang='lat' dir='ltr'><strong>Alciatus</strong></span> <span class='ocrx_word' id='word_1_18' title='bbox 1488 599 1538 647; x_wconf 90' lang='lat' dir='ltr'><strong>in</strong></span> <span class='ocrx_word' id='word_1_19' title='bbox 1554 594 1786 659; x_wconf 75' lang='lat' dir='ltr'><strong>responsis</strong></span> <span class='ocrx_word' id='word_1_20' title='bbox 1818 608 1831 642; x_wconf 78' lang='lat' dir='ltr'><em>z</em></span> <span class='ocrx_word' id='word_1_21' title='bbox 1863 596 1918 646; x_wconf 88' lang='lat'>&amp;</span> 
     </span>
     <span class='ocr_line' id='line_1_4' title="bbox 469 660 1920 728; baseline 0.001 -17"><span class='ocrx_word' id='word_1_22' title='bbox 469 663 606 700; x_wconf 63' lang='lat' dir='ltr'><strong>‘&#39;l-2²¹·</strong></span> <span class='ocrx_word' id='word_1_23' title='bbox 627 664 774 726; x_wconf 56' lang='lat' dir='ltr'><strong>ajam</strong></span> <span class='ocrx_word' id='word_1_24' title='bbox 805 663 864 712; x_wconf 80' lang='lat' dir='ltr'><strong>in.</strong></span> <span class='ocrx_word' id='word_1_25' title='bbox 884 663 1079 713; x_wconf 63' lang='lat' dir='ltr'><strong>lecturis</strong></span> <span class='ocrx_word' id='word_1_26' title='bbox 1103 666 1168 713; x_wconf 85' lang='lat' dir='ltr'><strong>ait</strong></span> <span class='ocrx_word' id='word_1_27' title='bbox 1191 663 1531 726; x_wconf 81' lang='lat' dir='ltr'><strong>probariidem</strong></span> <span class='ocrx_word' id='word_1_28' title='bbox 1547 664 1807 728; x_wconf 65' lang='lat' dir='ltr'><strong>optime&#39;ex</strong></span> <span class='ocrx_word' id='word_1_29' title='bbox 1819 660 1920 712; x_wconf 88' lang='lat' dir='ltr'><strong>Pa-</strong></span> 
     </span>
     <span class='ocr_line' id='line_1_5' title="bbox 469 713 1915 800; baseline 0.001 -23"><span class='ocrx_word' id='word_1_30' title='bbox 469 713 620 800; x_wconf 43' lang='lat' dir='ltr'><strong>ss‘l&#39;gpg·</strong></span> <span class='ocrx_word' id='word_1_31' title='bbox 682 731 963 778; x_wconf 87' lang='lat' dir='ltr'><strong>normitano</strong></span> <span class='ocrx_word' id='word_1_32' title='bbox 996 747 1006 777; x_wconf 77' lang='lat' dir='ltr'><em>z</em></span> <span class='ocrx_word' id='word_1_33' title='bbox 1040 729 1273 779; x_wconf 84' lang='lat' dir='ltr'><strong>etfiisthic</strong></span> <span class='ocrx_word' id='word_1_34' title='bbox 1288 731 1434 795; x_wconf 80' lang='lat' dir='ltr'><strong>tutius</strong></span> <span class='ocrx_word' id='word_1_35' title='bbox 1448 743 1587 794; x_wconf 87' lang='lat' dir='ltr'><strong>putet</strong></span> <span class='ocrx_word' id='word_1_36' title='bbox 1601 732 1796 782; x_wconf 79' lang='lat' dir='ltr'><strong>tarnen’,</strong></span> <span class='ocrx_word' id='word_1_37' title='bbox 1827 728 1915 779; x_wconf 88' lang='lat' dir='ltr'><strong>ad-</strong></span> 
     </span>
     <span class='ocr_line' id='line_1_6' title="bbox 469 794 1917 863; baseline 0.001 -19"><span class='ocrx_word' id='word_1_38' title='bbox 469 813 558 858; x_wconf 64' lang='lat' dir='ltr'><strong>mfi</strong></span> <span class='ocrx_word' id='word_1_39' title='bbox 570 826 633 863; x_wconf 87' lang='lat'><strong>44·</strong></span> <span class='ocrx_word' id='word_1_40' title='bbox 683 797 874 844; x_wconf 87' lang='lat' dir='ltr'><strong>mittere</strong></span> <span class='ocrx_word' id='word_1_41' title='bbox 886 797 1253 860; x_wconf 77' lang='lat' dir='ltr'>appellationem</span> <span class='ocrx_word' id='word_1_42' title='bbox 1268 798 1415 845; x_wconf 87' lang='lat' dir='ltr'><strong>etiam</strong></span> <span class='ocrx_word' id='word_1_43' title='bbox 1428 797 1509 845; x_wconf 92' lang='lat' dir='ltr'><strong>ubi</strong></span> <span class='ocrx_word' id='word_1_44' title='bbox 1524 797 1578 845; x_wconf 86' lang='lat' dir='ltr'><strong>fit</strong></span> <span class='ocrx_word' id='word_1_45' title='bbox 1588 794 1753 859; x_wconf 83' lang='lat' dir='ltr'><strong>regula</strong></span> <span class='ocrx_word' id='word_1_46' title='bbox 1768 810 1917 860; x_wconf 81' lang='lat' dir='ltr'><strong>nega-</strong></span> 
     </span>
     <span class='ocr_line' id='line_1_7' title="bbox 471 859 1914 928; baseline 0.002 -18"><span class='ocrx_word' id='word_1_47' title='bbox 471 859 519 904; x_wconf 70' lang='lat'><em>&amp;</em></span> <span class='ocrx_word' id='word_1_48' title='bbox 530 877 558 901; x_wconf 77' lang='lat' dir='ltr'><strong>c·</strong></span> <span class='ocrx_word' id='word_1_49' title='bbox 580 876 613 902; x_wconf 88' lang='lat'><strong>1-</strong></span> <span class='ocrx_word' id='word_1_50' title='bbox 625 876 662 902; x_wconf 78' lang='lat' dir='ltr'><strong>n·</strong></span> <span class='ocrx_word' id='word_1_51' title='bbox 679 864 791 911; x_wconf 88' lang='lat' dir='ltr'><strong>tiva.</strong></span> <span class='ocrx_word' id='word_1_52' title='bbox 827 862 890 911; x_wconf 82' lang='lat' dir='ltr'><strong>Et</strong></span> <span class='ocrx_word' id='word_1_53' title='bbox 901 864 996 912; x_wconf 85' lang='lat' dir='ltr'><strong>hoc</strong></span> <span class='ocrx_word' id='word_1_54' title='bbox 1009 863 1226 928; x_wconf 76' lang='lat' dir='ltr'><strong>sequatur</strong></span> <span class='ocrx_word' id='word_1_55' title='bbox 1239 865 1382 912; x_wconf 85' lang='lat' dir='ltr'><strong>etiam</strong></span> <span class='ocrx_word' id='word_1_56' title='bbox 1398 862 1662 913; x_wconf 83' lang='lat' dir='ltr'><strong>Molinaeus</strong></span> <span class='ocrx_word' id='word_1_57' title='bbox 1674 862 1726 909; x_wconf 89' lang='lat' dir='ltr'><strong>in</strong></span> <span class='ocrx_word' id='word_1_58' title='bbox 1739 861 1914 913; x_wconf 85' lang='lat' dir='ltr'><strong>additis</strong></span> 
     </span>
     <span class='ocr_line' id='line_1_8' title="bbox 473 915 1909 1004; baseline 0 -27"><span class='ocrx_word' id='word_1_59' title='bbox 473 915 552 951; x_wconf 74' lang='lat'><strong>¹¹⁵·</strong></span> <span class='ocrx_word' id='word_1_60' title='bbox 574 917 625 1004; x_wconf 55' lang='lat'><strong>:3²⁶</strong></span> <span class='ocrx_word' id='word_1_61' title='bbox 677 928 738 977; x_wconf 89' lang='lat' dir='ltr'><strong>ad</strong></span> <span class='ocrx_word' id='word_1_62' title='bbox 752 928 981 979; x_wconf 86' lang='lat' dir='ltr'>Decium.</span> <span class='ocrx_word' id='word_1_63' title='bbox 1012 928 1239 994; x_wconf 84' lang='lat' dir='ltr'><strong>Sequitur</strong></span> <span class='ocrx_word' id='word_1_64' title='bbox 1251 930 1486 991; x_wconf 86' lang='lat' dir='ltr'><strong>hocidem</strong></span> <span class='ocrx_word' id='word_1_65' title='bbox 1502 942 1671 979; x_wconf 89' lang='lat' dir='ltr'><strong>contra</strong></span> <span class='ocrx_word' id='word_1_66' title='bbox 1693 925 1909 987; x_wconf 86' lang='lat' dir='ltr'><strong>Decium</strong></span> 
     </span>
     <span class='ocr_line' id='line_1_9' title="bbox 468 960 1911 1061; baseline 0.001 -17"><span class='ocrx_word' id='word_1_67' title='bbox 468 960 575 1015; x_wconf 60' lang='lat' dir='ltr'><strong>‘&#39;ff‘&#39;</strong></span> <span class='ocrx_word' id='word_1_68' title='bbox 601 991 611 1002; x_wconf 82' lang='grc'><strong>’</strong></span> <span class='ocrx_word' id='word_1_69' title='bbox 677 992 960 1044; x_wconf 87' lang='lat' dir='ltr'><strong>Contardus</strong></span> <span class='ocrx_word' id='word_1_70' title='bbox 994 1012 1004 1045; x_wconf 92' lang='lat'>:</span> <span class='ocrx_word' id='word_1_71' title='bbox 1040 997 1209 1061; x_wconf 85' lang='lat' dir='ltr'><strong>qui&amp;</strong></span> <span class='ocrx_word' id='word_1_72' title='bbox 1244 997 1563 1061; x_wconf 74' lang='lat' dir='ltr'><strong>quaesti‘onem</strong></span> <span class='ocrx_word' id='word_1_73' title='bbox 1601 991 1773 1046; x_wconf 58' lang='lat' dir='ltr'><strong>statStat</strong></span> <span class='ocrx_word' id='word_1_74' title='bbox 1805 1012 1817 1044; x_wconf 74' lang='grc' dir='ltr'>ε</span> <span class='ocrx_word' id='word_1_75' title='bbox 1854 996 1911 1045; x_wconf 66' lang='grc' dir='ltr'><strong>ὃς</strong></span> 
     </span>
     <span class='ocr_line' id='line_1_10' title="bbox 672 1059 1909 1126; baseline 0.002 -17"><span class='ocrx_word' id='word_1_76' title='bbox 672 1059 803 1114; x_wconf 82' lang='lat' dir='ltr'>addit</span> <span class='ocrx_word' id='word_1_77' title='bbox 823 1061 941 1111; x_wconf 86' lang='lat' dir='ltr'><strong>alios</strong></span> <span class='ocrx_word' id='word_1_78' title='bbox 963 1060 1125 1112; x_wconf 85' lang='lat' dir='ltr'><strong>secum</strong></span> <span class='ocrx_word' id='word_1_79' title='bbox 1152 1062 1204 1111; x_wconf 89' lang='lat' dir='ltr'><strong>in</strong></span> <span class='ocrx_word' id='word_1_80' title='bbox 1233 1069 1415 1126; x_wconf 78' lang='lat' dir='ltr'><strong>&#39;partem</strong></span> <span class='ocrx_word' id='word_1_81' title='bbox 1442 1063 1663 1112; x_wconf 86' lang='lat' dir='ltr'><strong>eandem.</strong></span> <span class='ocrx_word' id='word_1_82' title='bbox 1728 1061 1825 1110; x_wconf 90' lang='lat' dir='ltr'><strong>Sed</strong></span> <span class='ocrx_word' id='word_1_83' title='bbox 1853 1064 1909 1112; x_wconf 87' lang='lat'>&amp;</span> 
     </span>
    </p>

    <p class='ocr_par' dir='ltr' id='par_1_3' title="bbox 465 1127 1909 1595">
     <span class='ocr_line' id='line_1_11' title="bbox 468 1127 1909 1191; baseline 0.004 -18"><span class='ocrx_word' id='word_1_84' title='bbox 468 1182 479 1191; x_wconf 33' lang='grc' dir='ltr'>ι</span> <span class='ocrx_word' id='word_1_85' title='bbox 669 1128 786 1175; x_wconf 87' lang='lat' dir='ltr'><strong>alios</strong></span> <span class='ocrx_word' id='word_1_86' title='bbox 810 1127 940 1177; x_wconf 83' lang='lat' dir='ltr'>addit</span> <span class='ocrx_word' id='word_1_87' title='bbox 964 1128 1126 1178; x_wconf 89' lang='lat' dir='ltr'><strong>Decio</strong></span> <span class='ocrx_word' id='word_1_88' title='bbox 1148 1144 1309 1178; x_wconf 84' lang='lat' dir='ltr'><strong>tamen</strong></span> <span class='ocrx_word' id='word_1_89' title='bbox 1326 1162 1342 1187; x_wconf 84' lang='lat'>‚</span> <span class='ocrx_word' id='word_1_90' title='bbox 1377 1128 1827 1179; x_wconf 77' lang='lat' dir='ltr'><strong>Baldum&#39;videlicet</strong></span> <span class='ocrx_word' id='word_1_91' title='bbox 1853 1130 1909 1179; x_wconf 74' lang='grc' dir='ltr'><strong>δε</strong></span> 
     </span>
     <span class='ocr_line' id='line_1_12' title="bbox 465 1184 1907 1265; baseline 0.005 -26"><span class='ocrx_word' id='word_1_92' title='bbox 465 1184 647 1265; x_wconf 65' lang='lat'><strong>}.⁶⁰”‘⁴⁷·</strong></span> <span class='ocrx_word' id='word_1_93' title='bbox 670 1192 730 1242; x_wconf 92' lang='lat' dir='ltr'>N</span> <span class='ocrx_word' id='word_1_94' title='bbox 732 1195 1007 1245; x_wconf 87' lang='lat' dir='ltr'><strong>evizanurn.</strong></span> <span class='ocrx_word' id='word_1_95' title='bbox 1055 1195 1356 1245; x_wconf 76' lang='lat' dir='ltr'><strong>iVideamus</strong></span> <span class='ocrx_word' id='word_1_96' title='bbox 1380 1196 1506 1245; x_wconf 67' lang='lat' dir='ltr'><strong>dieta</strong></span> <span class='ocrx_word' id='word_1_97' title='bbox 1520 1194 1758 1245; x_wconf 81' lang='lat' dir='ltr'><strong>Contardi</strong></span> <span class='ocrx_word' id='word_1_98' title='bbox 1785 1211 1796 1244; x_wconf 76' lang='grc' dir='ltr'><strong><em>ε</em></strong></span> <span class='ocrx_word' id='word_1_99' title='bbox 1819 1197 1907 1261; x_wconf 87' lang='lat' dir='ltr'><strong>qui</strong></span> 
     </span>
     <span class='ocr_line' id='line_1_13' title="bbox 483 1241 1903 1327; baseline 0.005 -21"><span class='ocrx_word' id='word_1_100' title='bbox 483 1241 610 1282; x_wconf 47' lang='lat'><strong>&#39;⁹⁸²7&#39;</strong></span> <span class='ocrx_word' id='word_1_101' title='bbox 672 1259 893 1311; x_wconf 84' lang='lat' dir='ltr'><strong>defendit</strong></span> <span class='ocrx_word' id='word_1_102' title='bbox 932 1263 1026 1310; x_wconf 87' lang='lat' dir='ltr'><strong>late</strong></span> <span class='ocrx_word' id='word_1_103' title='bbox 1063 1276 1217 1326; x_wconf 88' lang='lat' dir='ltr'><strong>partes</strong></span> <span class='ocrx_word' id='word_1_104' title='bbox 1265 1263 1352 1325; x_wconf 78' lang='lat' dir='ltr'><strong>(ut</strong></span> <span class='ocrx_word' id='word_1_105' title='bbox 1377 1262 1527 1327; x_wconf 87' lang='lat' dir='ltr'><strong>dico)</strong></span> <span class='ocrx_word' id='word_1_106' title='bbox 1565 1261 1903 1313; x_wconf 81' lang='lat' dir='ltr'><strong>adfirmativas.</strong></span> 
     </span>
     <span class='ocr_line' id='line_1_14' title="bbox 668 1326 1904 1394; baseline 0.001 -17"><span class='ocrx_word' id='word_1_107' title='bbox 668 1326 857 1386; x_wconf 81' lang='lat' dir='ltr'><strong>Ratio,</strong></span> <span class='ocrx_word' id='word_1_108' title='bbox 897 1328 1087 1394; x_wconf 82' lang='lat' dir='ltr'><strong>(inquit</strong></span> <span class='ocrx_word' id='word_1_109' title='bbox 1107 1333 1125 1390; x_wconf 91' lang='lat'>)</span> <span class='ocrx_word' id='word_1_110' title='bbox 1161 1345 1246 1378; x_wconf 90' lang='lat' dir='ltr'><strong>cur</strong></span> <span class='ocrx_word' id='word_1_111' title='bbox 1270 1330 1321 1378; x_wconf 89' lang='lat' dir='ltr'><strong>in</strong></span> <span class='ocrx_word' id='word_1_112' title='bbox 1345 1327 1497 1378; x_wconf 89' lang='lat' dir='ltr'><strong>dubio</strong></span> <span class='ocrx_word' id='word_1_113' title='bbox 1513 1329 1566 1378; x_wconf 77' lang='lat' dir='ltr'><strong>sit</strong></span> <span class='ocrx_word' id='word_1_114' title='bbox 1588 1327 1904 1378; x_wconf 84' lang='lat' dir='ltr'><strong>deferendum</strong></span> 
     </span>
     <span class='ocr_line' id='line_1_15' title="bbox 666 1393 1901 1460; baseline 0.001 -18"><span class='ocrx_word' id='word_1_115' title='bbox 666 1395 1001 1459; x_wconf 80' lang='lat' dir='ltr'><strong>appellationi,</strong></span> <span class='ocrx_word' id='word_1_116' title='bbox 1027 1395 1095 1446; x_wconf 92' lang='lat' dir='ltr'><strong>est</strong></span> <span class='ocrx_word' id='word_1_117' title='bbox 1120 1427 1137 1454; x_wconf 83' lang='grc'>,</span> <span class='ocrx_word' id='word_1_118' title='bbox 1170 1397 1281 1460; x_wconf 90' lang='lat' dir='ltr'><strong>quia</strong></span> <span class='ocrx_word' id='word_1_119' title='bbox 1303 1410 1392 1460; x_wconf 88' lang='lat' dir='ltr'><strong>pro</strong></span> <span class='ocrx_word' id='word_1_120' title='bbox 1418 1396 1738 1460; x_wconf 82' lang='lat' dir='ltr'><strong>appellatione</strong></span> <span class='ocrx_word' id='word_1_121' title='bbox 1767 1395 1826 1458; x_wconf 59' lang='lat' dir='ltr'><strong>in⁴</strong></span> <span class='ocrx_word' id='word_1_122' title='bbox 1849 1393 1901 1444; x_wconf 89' lang='lat' dir='ltr'><strong>id</strong></span> 
     </span>
     <span class='ocr_line' id='line_1_16' title="bbox 665 1461 1906 1527; baseline 0.004 -18"><span class='ocrx_word' id='word_1_123' title='bbox 665 1461 967 1525; x_wconf 70' lang='lat' dir='ltr'><strong>praesumitur</strong></span> <span class='ocrx_word' id='word_1_124' title='bbox 994 1494 1012 1523; x_wconf 82' lang='grc'>,</span> <span class='ocrx_word' id='word_1_125' title='bbox 1054 1475 1108 1511; x_wconf 90' lang='lat' dir='ltr'><strong>ut</strong></span> <span class='ocrx_word' id='word_1_126' title='bbox 1129 1463 1380 1527; x_wconf 81' lang='lat' dir='ltr'><strong>appellatio</strong></span> <span class='ocrx_word' id='word_1_127' title='bbox 1417 1462 1768 1512; x_wconf 84' lang='lat' dir='ltr'><strong>introducatur.</strong></span> <span class='ocrx_word' id='word_1_128' title='bbox 1835 1461 1906 1514; x_wconf 81' lang='lat' dir='ltr'><strong>Et</strong></span> 
     </span>
     <span class='ocr_line' id='line_1_17' title="bbox 665 1527 1900 1595; baseline 0.002 -19"><span class='ocrx_word' id='word_1_129' title='bbox 665 1528 773 1577; x_wconf 86' lang='lat' dir='ltr'><strong>haec</strong></span> <span class='ocrx_word' id='word_1_130' title='bbox 798 1530 920 1578; x_wconf 86' lang='lat' dir='ltr'><strong>ratio</strong></span> <span class='ocrx_word' id='word_1_131' title='bbox 942 1545 1081 1595; x_wconf 84' lang='lat' dir='ltr'><strong>aeque</strong></span> <span class='ocrx_word' id='word_1_132' title='bbox 1106 1530 1280 1579; x_wconf 86' lang='lat' dir='ltr'><strong>militat</strong></span> <span class='ocrx_word' id='word_1_133' title='bbox 1302 1545 1417 1579; x_wconf 85' lang='lat' dir='ltr'><strong>cum</strong></span> <span class='ocrx_word' id='word_1_134' title='bbox 1442 1530 1717 1595; x_wconf 84' lang='lat' dir='ltr'><strong>regulariter</strong></span> <span class='ocrx_word' id='word_1_135' title='bbox 1732 1527 1900 1593; x_wconf 84' lang='lat' dir='ltr'><strong>prohi-</strong></span> 
     </span>
    </p>

    <p class='ocr_par' dir='ltr' id='par_1_4' title="bbox 664 1593 1901 1662">
     <span class='ocr_line' id='line_1_18' title="bbox 664 1593 1901 1662; baseline 0.002 -20"><span class='ocrx_word' id='word_1_136' title='bbox 664 1593 763 1644; x_wconf 84' lang='lat' dir='ltr'><strong>bita</strong></span> <span class='ocrx_word' id='word_1_137' title='bbox 789 1595 1045 1662; x_wconf 86' lang='lat' dir='ltr'><strong>appellatio</strong></span> <span class='ocrx_word' id='word_1_138' title='bbox 1066 1595 1150 1646; x_wconf 90' lang='lat' dir='ltr'><strong>est.</strong></span> <span class='ocrx_word' id='word_1_139' title='bbox 1206 1596 1499 1647; x_wconf 85' lang='lat' dir='ltr'><strong>Favorabilis</strong></span> <span class='ocrx_word' id='word_1_140' title='bbox 1523 1595 1592 1646; x_wconf 88' lang='lat' dir='ltr'><strong>est</strong></span> <span class='ocrx_word' id='word_1_141' title='bbox 1613 1596 1901 1662; x_wconf 84' lang='lat' dir='ltr'><strong>appellatio,</strong></span> 
     </span>
    </p>

    <p class='ocr_par' dir='ltr' id='par_1_5' title="bbox 660 1662 1897 1864">
     <span class='ocr_line' id='line_1_19' title="bbox 660 1662 1897 1729; baseline 0.002 -19"><span class='ocrx_word' id='word_1_142' title='bbox 660 1676 751 1726; x_wconf 88' lang='lat' dir='ltr'><strong>pro</strong></span> <span class='ocrx_word' id='word_1_143' title='bbox 773 1679 870 1728; x_wconf 87' lang='lat' dir='ltr'><strong>qua</strong></span> <span class='ocrx_word' id='word_1_144' title='bbox 892 1665 1037 1713; x_wconf 88' lang='lat' dir='ltr'><strong>etiam</strong></span> <span class='ocrx_word' id='word_1_145' title='bbox 1063 1663 1213 1727; x_wconf 85' lang='lat' dir='ltr'><strong>magis</strong></span> <span class='ocrx_word' id='word_1_146' title='bbox 1241 1662 1554 1729; x_wconf 74' lang='lat' dir='ltr'><strong>praesumatur</strong></span> <span class='ocrx_word' id='word_1_147' title='bbox 1575 1695 1594 1721; x_wconf 86' lang='lat'>‚</span> <span class='ocrx_word' id='word_1_148' title='bbox 1635 1678 1783 1728; x_wconf 89' lang='lat' dir='ltr'><strong>quam</strong></span> <span class='ocrx_word' id='word_1_149' title='bbox 1804 1678 1897 1729; x_wconf 92' lang='lat' dir='ltr'><strong>pro</strong></span> 
     </span>
     <span class='ocr_line' id='line_1_20' title="bbox 660 1726 1897 1790; baseline 0.003 -14"><span class='ocrx_word' id='word_1_150' title='bbox 660 1726 906 1781; x_wconf 86' lang='lat' dir='ltr'><strong>sententia.</strong></span> <span class='ocrx_word' id='word_1_151' title='bbox 970 1731 1058 1779; x_wconf 87' lang='lat' dir='ltr'><strong>Ait</strong></span> <span class='ocrx_word' id='word_1_152' title='bbox 1082 1729 1259 1779; x_wconf 86' lang='lat' dir='ltr'><strong>deinde</strong></span> <span class='ocrx_word' id='word_1_153' title='bbox 1286 1760 1304 1790; x_wconf 84' lang='lat'><strong>,</strong></span> <span class='ocrx_word' id='word_1_154' title='bbox 1346 1731 1406 1780; x_wconf 89' lang='lat' dir='ltr'><strong>in·</strong></span> <span class='ocrx_word' id='word_1_155' title='bbox 1432 1729 1585 1780; x_wconf 88' lang='lat' dir='ltr'><strong>dubio</strong></span> <span class='ocrx_word' id='word_1_156' title='bbox 1609 1729 1786 1780; x_wconf 89' lang='lat' dir='ltr'><strong>debere</strong></span> <span class='ocrx_word' id='word_1_157' title='bbox 1819 1740 1897 1780; x_wconf 89' lang='lat' dir='ltr'><strong>at-</strong></span> 
     </span>
     <span class='ocr_line' id='line_1_21' title="bbox 660 1795 1895 1864; baseline -0.002 -18"><span class='ocrx_word' id='word_1_158' title='bbox 660 1795 796 1846; x_wconf 86' lang='lat' dir='ltr'><strong>tendi</strong></span> <span class='ocrx_word' id='word_1_159' title='bbox 828 1795 924 1855; x_wconf 68' lang='lat' dir='ltr'><strong>id,</strong></span> <span class='ocrx_word' id='word_1_160' title='bbox 962 1797 1094 1863; x_wconf 88' lang='lat' dir='ltr'><strong>quod</strong></span> <span class='ocrx_word' id='word_1_161' title='bbox 1133 1798 1296 1846; x_wconf 84' lang='lat' dir='ltr'><strong>minus</strong></span> <span class='ocrx_word' id='word_1_162' title='bbox 1331 1796 1627 1864; x_wconf 77' lang='lat' dir='ltr'><strong>praejudicat.</strong></span> <span class='ocrx_word' id='word_1_163' title='bbox 1691 1795 1895 1863; x_wconf 52' lang='lat' dir='ltr'><strong>Etmiy</strong></span> 
     </span>
    </p>

    <p class='ocr_par' dir='ltr' id='par_1_6' title="bbox 657 1861 1896 1997">
     <span class='ocr_line' id='line_1_22' title="bbox 658 1861 1896 1930; baseline 0.002 -19"><span class='ocrx_word' id='word_1_164' title='bbox 658 1877 752 1912; x_wconf 85' lang='lat' dir='ltr'><strong>nus</strong></span> <span class='ocrx_word' id='word_1_165' title='bbox 777 1863 1058 1928; x_wconf 83' lang='lat' dir='ltr'><strong>praejudicet</strong></span> <span class='ocrx_word' id='word_1_166' title='bbox 1082 1862 1297 1914; x_wconf 83' lang='lat' dir='ltr'><strong>admiffio</strong></span> <span class='ocrx_word' id='word_1_167' title='bbox 1313 1864 1659 1930; x_wconf 82' lang='lat' dir='ltr'><strong>appellationis.</strong></span> <span class='ocrx_word' id='word_1_168' title='bbox 1725 1861 1896 1925; x_wconf 87' lang='lat' dir='ltr'><strong>Quam</strong></span> 
     </span>
     <span class='ocr_line' id='line_1_23' title="bbox 657 1929 1894 1997; baseline -0.002 -18"><span class='ocrx_word' id='word_1_169' title='bbox 657 1931 898 1979; x_wconf 84' lang='lat' dir='ltr'><strong>rationem</strong></span> <span class='ocrx_word' id='word_1_170' title='bbox 925 1932 953 1980; x_wconf 73' lang='lat' dir='ltr'><strong>a</strong></span> <span class='ocrx_word' id='word_1_171' title='bbox 980 1932 1173 1981; x_wconf 89' lang='lat' dir='ltr'><strong>minore</strong></span> <span class='ocrx_word' id='word_1_172' title='bbox 1198 1932 1479 1997; x_wconf 85' lang='lat' dir='ltr'><strong>praejudicio</strong></span> <span class='ocrx_word' id='word_1_173' title='bbox 1503 1961 1522 1986; x_wconf 65' lang='lat'><strong><em>³</em></strong></span> <span class='ocrx_word' id='word_1_174' title='bbox 1566 1931 1623 1982; x_wconf 87' lang='lat'>&amp;</span> <span class='ocrx_word' id='word_1_175' title='bbox 1657 1929 1894 1991; x_wconf 66' lang='lat' dir='ltr'><strong>a&#39;majore</strong></span> 
     </span>
    </p>

    <p class='ocr_par' dir='ltr' id='par_1_7' title="bbox 653 1995 1891 2329">
     <span class='ocr_line' id='line_1_24' title="bbox 659 1995 1888 2062; baseline 0.001 -18"><span class='ocrx_word' id='word_1_176' title='bbox 659 1995 741 2058; x_wconf 84' lang='lat' dir='ltr'><strong>hic</strong></span> <span class='ocrx_word' id='word_1_177' title='bbox 787 1999 1017 2062; x_wconf 79' lang='lat' dir='ltr'><strong>aequitate</strong></span> <span class='ocrx_word' id='word_1_178' title='bbox 1047 2030 1065 2055; x_wconf 87' lang='lat'>‚</span> <span class='ocrx_word' id='word_1_179' title='bbox 1122 1997 1443 2047; x_wconf 84' lang='lat' dir='ltr'><strong>solidiffirnam</strong></span> <span class='ocrx_word' id='word_1_180' title='bbox 1495 1998 1626 2049; x_wconf 86' lang='lat' dir='ltr'><strong>dicit.</strong></span> <span class='ocrx_word' id='word_1_181' title='bbox 1689 1995 1848 2046; x_wconf 83' lang='lat' dir='ltr'><strong>Addit</strong></span> <span class='ocrx_word' id='word_1_182' title='bbox 1866 2027 1888 2057; x_wconf 70' lang='lat'><em>2</em></span> 
     </span>
     <span class='ocr_line' id='line_1_25' title="bbox 654 2061 1890 2131; baseline -0.001 -19"><span class='ocrx_word' id='word_1_183' title='bbox 654 2063 789 2127; x_wconf 85' lang='lat' dir='ltr'><strong>quod</strong></span> <span class='ocrx_word' id='word_1_184' title='bbox 817 2065 871 2113; x_wconf 89' lang='lat'>&amp;</span> <span class='ocrx_word' id='word_1_185' title='bbox 907 2065 958 2114; x_wconf 90' lang='lat' dir='ltr'><strong>in</strong></span> <span class='ocrx_word' id='word_1_186' title='bbox 993 2065 1147 2114; x_wconf 90' lang='lat' dir='ltr'><strong>dubio</strong></span> <span class='ocrx_word' id='word_1_187' title='bbox 1178 2066 1332 2131; x_wconf 86' lang='lat' dir='ltr'><strong>magis</strong></span> <span class='ocrx_word' id='word_1_188' title='bbox 1367 2065 1423 2115; x_wconf 79' lang='lat' dir='ltr'><strong>sit</strong></span> <span class='ocrx_word' id='word_1_189' title='bbox 1458 2061 1890 2130; x_wconf 83' lang='lat' dir='ltr'><strong>praesumendum,</strong></span> 
     </span>
     <span class='ocr_line' id='line_1_26' title="bbox 654 2128 1891 2197; baseline 0.002 -20"><span class='ocrx_word' id='word_1_190' title='bbox 654 2130 788 2194; x_wconf 86' lang='lat' dir='ltr'><strong>quod</strong></span> <span class='ocrx_word' id='word_1_191' title='bbox 824 2128 1058 2182; x_wconf 87' lang='lat' dir='ltr'><strong>sententia</strong></span> <span class='ocrx_word' id='word_1_192' title='bbox 1088 2131 1146 2180; x_wconf 85' lang='lat' dir='ltr'><strong>fit</strong></span> <span class='ocrx_word' id='word_1_193' title='bbox 1180 2132 1270 2181; x_wconf 86' lang='lat' dir='ltr'><strong>lata</strong></span> <span class='ocrx_word' id='word_1_194' title='bbox 1300 2132 1439 2197; x_wconf 89' lang='lat' dir='ltr'><strong>super</strong></span> <span class='ocrx_word' id='word_1_195' title='bbox 1460 2130 1744 2197; x_wconf 78' lang='lat' dir='ltr'><strong>poffeffione</strong></span> <span class='ocrx_word' id='word_1_196' title='bbox 1778 2128 1891 2180; x_wconf 82' lang='lat' dir='ltr'><strong>suc-</strong></span> 
     </span>
     <span class='ocr_line' id='line_1_27' title="bbox 653 2195 1887 2263; baseline 0.002 -18"><span class='ocrx_word' id='word_1_197' title='bbox 653 2197 824 2246; x_wconf 83' lang='lat' dir='ltr'><strong>ceffiva</strong></span> <span class='ocrx_word' id='word_1_198' title='bbox 847 2230 866 2258; x_wconf 82' lang='lat'>‚</span> <span class='ocrx_word' id='word_1_199' title='bbox 910 2215 1057 2261; x_wconf 88' lang='lat' dir='ltr'><strong>quarn</strong></span> <span class='ocrx_word' id='word_1_200' title='bbox 1091 2199 1228 2263; x_wconf 90' lang='lat' dir='ltr'><strong>super</strong></span> <span class='ocrx_word' id='word_1_201' title='bbox 1262 2213 1617 2249; x_wconf 88' lang='lat' dir='ltr'><strong>momentanea.</strong></span> <span class='ocrx_word' id='word_1_202' title='bbox 1683 2195 1750 2247; x_wconf 85' lang='lat' dir='ltr'><strong>Et</strong></span> <span class='ocrx_word' id='word_1_203' title='bbox 1779 2196 1887 2247; x_wconf 87' lang='lat' dir='ltr'><strong>haec</strong></span> 
     </span>
     <span class='ocr_line' id='line_1_28' title="bbox 658 2261 1888 2329; baseline 0.002 -19"><span class='ocrx_word' id='word_1_204' title='bbox 658 2261 860 2327; x_wconf 83' lang='lat' dir='ltr'><strong>quidem</strong></span> <span class='ocrx_word' id='word_1_205' title='bbox 907 2264 1201 2316; x_wconf 83' lang='lat' dir='ltr'><strong>Contardus.</strong></span> <span class='ocrx_word' id='word_1_206' title='bbox 1265 2265 1381 2315; x_wconf 90' lang='lat' dir='ltr'><strong>Nos</strong></span> <span class='ocrx_word' id='word_1_207' title='bbox 1394 2278 1579 2316; x_wconf 52' lang='lat' dir='ltr'><strong>”autem</strong></span> <span class='ocrx_word' id='word_1_208' title='bbox 1598 2269 1613 2311; x_wconf 73' lang='lat' dir='ltr'>J</span> <span class='ocrx_word' id='word_1_209' title='bbox 1628 2263 1888 2329; x_wconf 83' lang='lat' dir='ltr'><strong>responde·</strong></span> 
     </span>
    </p>

    <p class='ocr_par' dir='ltr' id='par_1_8' title="bbox 654 2330 1886 2466">
     <span class='ocr_line' id='line_1_29' title="bbox 659 2330 1886 2400; baseline 0.002 -21"><span class='ocrx_word' id='word_1_210' title='bbox 659 2344 771 2380; x_wconf 81' lang='lat' dir='ltr'><strong>mus</strong></span> <span class='ocrx_word' id='word_1_211' title='bbox 789 2331 847 2381; x_wconf 91' lang='lat' dir='ltr'><strong>ad</strong></span> <span class='ocrx_word' id='word_1_212' title='bbox 873 2334 1087 2400; x_wconf 82' lang='lat' dir='ltr'><strong>primum</strong></span> <span class='ocrx_word' id='word_1_213' title='bbox 1111 2364 1129 2391; x_wconf 90' lang='lat'>,</span> <span class='ocrx_word' id='word_1_214' title='bbox 1170 2331 1304 2398; x_wconf 88' lang='lat' dir='ltr'><strong>quod</strong></span> <span class='ocrx_word' id='word_1_215' title='bbox 1342 2333 1448 2382; x_wconf 88' lang='lat' dir='ltr'><strong>imo</strong></span> <span class='ocrx_word' id='word_1_216' title='bbox 1495 2348 1584 2398; x_wconf 86' lang='lat' dir='ltr'><strong>pro</strong></span> <span class='ocrx_word' id='word_1_217' title='bbox 1619 2330 1886 2396; x_wconf 84' lang='lat' dir='ltr'><strong>appellante</strong></span> 
     </span>
     <span class='ocr_line' id='line_1_30' title="bbox 654 2398 1882 2466; baseline 0.002 -22"><span class='ocrx_word' id='word_1_218' title='bbox 654 2411 761 2446; x_wconf 80' lang='lat' dir='ltr'><strong>non</strong></span> <span class='ocrx_word' id='word_1_219' title='bbox 793 2400 1094 2463; x_wconf 84' lang='lat' dir='ltr'><strong>praesumitur</strong></span> <span class='ocrx_word' id='word_1_220' title='bbox 1116 2429 1134 2456; x_wconf 82' lang='lat'><strong>,</strong></span> <span class='ocrx_word' id='word_1_221' title='bbox 1180 2416 1294 2448; x_wconf 88' lang='lat' dir='ltr'><strong>cum</strong></span> <span class='ocrx_word' id='word_1_222' title='bbox 1328 2400 1582 2466; x_wconf 84' lang='lat' dir='ltr'><strong>appellatio</strong></span> <span class='ocrx_word' id='word_1_223' title='bbox 1619 2398 1882 2463; x_wconf 83' lang='lat' dir='ltr'><strong>interponi-</strong></span> 
     </span>
    </p>

    <p class='ocr_par' dir='ltr' id='par_1_9' title="bbox 653 2463 1884 2598">
     <span class='ocr_line' id='line_1_31' title="bbox 654 2463 1884 2532; baseline 0.002 -22"><span class='ocrx_word' id='word_1_224' title='bbox 654 2474 734 2511; x_wconf 85' lang='lat' dir='ltr'><strong>tur</strong></span> <span class='ocrx_word' id='word_1_225' title='bbox 765 2479 934 2517; x_wconf 76' lang='lat' dir='ltr'><strong>contra</strong></span> <span class='ocrx_word' id='word_1_226' title='bbox 973 2467 1192 2532; x_wconf 82' lang='lat' dir='ltr'><strong>regulam</strong></span> <span class='ocrx_word' id='word_1_227' title='bbox 1231 2468 1368 2529; x_wconf 77' lang='lat' dir='ltr'><strong>juris.</strong></span> <span class='ocrx_word' id='word_1_228' title='bbox 1434 2463 1884 2524; x_wconf 86' lang='lat' dir='ltr'><strong>Necadvocarnus</strong></span> 
     </span>
     <span class='ocr_line' id='line_1_32' title="bbox 653 2528 1882 2598; baseline 0.002 -21"><span class='ocrx_word' id='word_1_229' title='bbox 653 2528 752 2579; x_wconf 86' lang='lat' dir='ltr'><strong>huc</strong></span> <span class='ocrx_word' id='word_1_230' title='bbox 770 2531 888 2583; x_wconf 82' lang='lat' dir='ltr'><strong>alios</strong></span> <span class='ocrx_word' id='word_1_231' title='bbox 907 2566 926 2593; x_wconf 62' lang='lat'>2</span> <span class='ocrx_word' id='word_1_232' title='bbox 973 2534 1058 2582; x_wconf 90' lang='lat' dir='ltr'><strong>ubi</strong></span> <span class='ocrx_word' id='word_1_233' title='bbox 1089 2533 1186 2598; x_wconf 89' lang='lat' dir='ltr'><strong>ipse</strong></span> <span class='ocrx_word' id='word_1_234' title='bbox 1224 2532 1506 2583; x_wconf 83' lang='lat' dir='ltr'><strong>Contardus</strong></span> <span class='ocrx_word' id='word_1_235' title='bbox 1534 2531 1597 2582; x_wconf 81' lang='lat' dir='ltr'><strong>sie</strong></span> <span class='ocrx_word' id='word_1_236' title='bbox 1633 2530 1882 2596; x_wconf 87' lang='lat' dir='ltr'><strong>distinguit</strong></span> 
     </span>
    </p>

    <p class='ocr_par' dir='ltr' id='par_1_10' title="bbox 646 2596 1883 2731">
     <span class='ocr_line' id='line_1_33' title="bbox 646 2596 1883 2665; baseline 0.002 -21"><span class='ocrx_word' id='word_1_237' title='bbox 646 2610 741 2660; x_wconf 88' lang='lat' dir='ltr'><strong>pro</strong></span> <span class='ocrx_word' id='word_1_238' title='bbox 764 2600 1075 2662; x_wconf 84' lang='lat' dir='ltr'><strong>opinionibus</strong></span> <span class='ocrx_word' id='word_1_239' title='bbox 1100 2601 1413 2650; x_wconf 87' lang='lat' dir='ltr'><strong>conciliandis</strong></span> <span class='ocrx_word' id='word_1_240' title='bbox 1446 2617 1457 2647; x_wconf 90' lang='lat'>:</span> <span class='ocrx_word' id='word_1_241' title='bbox 1493 2598 1628 2665; x_wconf 86' lang='lat' dir='ltr'><strong>quod</strong></span> <span class='ocrx_word' id='word_1_242' title='bbox 1648 2613 1798 2663; x_wconf 80' lang='lat' dir='ltr'><strong>quum</strong></span> <span class='ocrx_word' id='word_1_243' title='bbox 1812 2596 1883 2647; x_wconf 88' lang='lat' dir='ltr'><strong>est</strong></span> 
     </span>
     <span class='ocr_line' id='line_1_34' title="bbox 648 2664 1879 2731; baseline 0 -20"><span class='ocrx_word' id='word_1_244' title='bbox 648 2664 907 2729; x_wconf 78' lang='lat' dir='ltr'><strong>appellatio</strong></span> <span class='ocrx_word' id='word_1_245' title='bbox 941 2681 1108 2717; x_wconf 86' lang='lat' dir='ltr'><strong>contra</strong></span> <span class='ocrx_word' id='word_1_246' title='bbox 1141 2668 1352 2716; x_wconf 84' lang='lat' dir='ltr'><strong>formam</strong></span> <span class='ocrx_word' id='word_1_247' title='bbox 1393 2668 1510 2731; x_wconf 84' lang='lat' dir='ltr'><strong>juris</strong></span> <span class='ocrx_word' id='word_1_248' title='bbox 1558 2664 1835 2715; x_wconf 87' lang='lat' dir='ltr'><strong>communis</strong></span> <span class='ocrx_word' id='word_1_249' title='bbox 1857 2693 1879 2722; x_wconf 79' lang='lat'><strong>,</strong></span> 
     </span>
    </p>

    <p class='ocr_par' dir='ltr' id='par_1_11' title="bbox 649 2730 1878 2982">
     <span class='ocr_line' id='line_1_35' title="bbox 649 2730 1878 2793; baseline 0.001 -16"><span class='ocrx_word' id='word_1_250' title='bbox 649 2744 709 2778; x_wconf 83' lang='lat' dir='ltr'><strong>ea</strong></span> <span class='ocrx_word' id='word_1_251' title='bbox 731 2732 784 2780; x_wconf 82' lang='lat' dir='ltr'><strong>in</strong></span> <span class='ocrx_word' id='word_1_252' title='bbox 815 2730 967 2783; x_wconf 85' lang='lat' dir='ltr'><strong>dubio</strong></span> <span class='ocrx_word' id='word_1_253' title='bbox 1006 2749 1107 2783; x_wconf 87' lang='lat' dir='ltr'><strong>non</strong></span> <span class='ocrx_word' id='word_1_254' title='bbox 1134 2733 1190 2783; x_wconf 87' lang='lat' dir='ltr'><strong>fit</strong></span> <span class='ocrx_word' id='word_1_255' title='bbox 1209 2733 1507 2786; x_wconf 85' lang='lat' dir='ltr'><strong>admittenda</strong></span> <span class='ocrx_word' id='word_1_256' title='bbox 1529 2747 1546 2780; x_wconf 74' lang='grc' dir='ltr'><em>τ</em></span> <span class='ocrx_word' id='word_1_257' title='bbox 1579 2733 1632 2783; x_wconf 68' lang='grc' dir='ltr'><strong>ὅ(</strong></span> <span class='ocrx_word' id='word_1_258' title='bbox 1664 2731 1727 2780; x_wconf 86' lang='lat' dir='ltr'><strong>fic</strong></span> <span class='ocrx_word' id='word_1_259' title='bbox 1762 2744 1878 2793; x_wconf 90' lang='lat' dir='ltr'><strong>pro·</strong></span> 
     </span>
     <span class='ocr_line' id='line_1_36' title="bbox 656 2797 1877 2866; baseline 0 -23"><span class='ocrx_word' id='word_1_260' title='bbox 656 2797 800 2847; x_wconf 88' lang='lat' dir='ltr'><strong>cedat</strong></span> <span class='ocrx_word' id='word_1_261' title='bbox 823 2801 997 2866; x_wconf 88' lang='lat' dir='ltr'><strong>opinio</strong></span> <span class='ocrx_word' id='word_1_262' title='bbox 1021 2803 1152 2865; x_wconf 89' lang='lat' dir='ltr'><strong>prior</strong></span> <span class='ocrx_word' id='word_1_263' title='bbox 1188 2817 1215 2855; x_wconf 72' lang='grc' dir='ltr'><strong>ε,</strong></span> <span class='ocrx_word' id='word_1_264' title='bbox 1243 2813 1292 2850; x_wconf 87' lang='lat' dir='ltr'><strong>at</strong></span> <span class='ocrx_word' id='word_1_265' title='bbox 1331 2799 1366 2849; x_wconf 91' lang='lat' dir='ltr'>fi</span> <span class='ocrx_word' id='word_1_266' title='bbox 1395 2798 1552 2850; x_wconf 81' lang='lat' dir='ltr'><strong>cauffa</strong></span> <span class='ocrx_word' id='word_1_267' title='bbox 1570 2798 1769 2849; x_wconf 87' lang='lat' dir='ltr'><strong>addatur</strong></span> <span class='ocrx_word' id='word_1_268' title='bbox 1790 2811 1877 2860; x_wconf 90' lang='lat' dir='ltr'><strong>ap·-</strong></span> 
     </span>
     <span class='ocr_line' id='line_1_37' title="bbox 649 2861 1876 2938; baseline 0.002 -23"><span class='ocrx_word' id='word_1_269' title='bbox 649 2863 920 2928; x_wconf 83' lang='lat' dir='ltr'><strong>pellationis</strong></span> <span class='ocrx_word' id='word_1_270' title='bbox 950 2866 1189 2936; x_wconf 82' lang='lat' dir='ltr'><strong>permiffae</strong></span> <span class='ocrx_word' id='word_1_271' title='bbox 1226 2867 1490 2935; x_wconf 81' lang='lat' dir='ltr'><strong>specialiter</strong></span> <span class='ocrx_word' id='word_1_272' title='bbox 1509 2899 1531 2930; x_wconf 74' lang='lat'>2</span> <span class='ocrx_word' id='word_1_273' title='bbox 1561 2878 1672 2919; x_wconf 86' lang='lat' dir='ltr'><strong>turn</strong></span> <span class='ocrx_word' id='word_1_274' title='bbox 1707 2862 1765 2938; x_wconf 58' lang='lat' dir='ltr'><strong>stt</strong></span> <span class='ocrx_word' id='word_1_275' title='bbox 1787 2861 1876 2911; x_wconf 72' lang='lat' dir='ltr'><strong>ad-</strong></span> 
     </span>
     <span class='ocr_line' id='line_1_38' title="bbox 1672 2939 1873 2982; baseline -0.005 0"><span class='ocrx_word' id='word_1_276' title='bbox 1672 2939 1873 2982; x_wconf 74' lang='lat' dir='ltr'><strong>mitten-</strong></span> 
     </span>
    </p>
   </div>
  </div>
 </body>
</html>
